2434 3720
356 243 654 291 THEMISTOCLES.
692 257 714 300 2,
728 256 752 306 3,
765 257 788 302 4.
989 243 1018 292 11

119 432 192 472 esse
216 411 372 488 Apollinis
395 411 481 470 utin
504 417 600 469 naves
626 417 660 469 se
683 428 800 486 suaque
823 410 1018 470 cenferrent:

84 528 102 578 8
120 534 193 575 eum
213 514 296 574 enim
314 523 333 574 a
351 515 411 574 dea
433 513 600 590 significari
622 523 739 571 murum
762 513 905 591 ligneum.
949 512 1019 573 Tali

120 617 253 677 censilia
268 617 400 694 probata
415 616 534 674 addunt
546 616 585 673 ad
598 615 771 693 superiores
783 616 911 675 totidem
923 624 1019 676 naves

120 721 270 792 triremes
283 739 401 796 suaque
413 717 516 778 omnia
529 737 608 795 quae
621 724 735 777 moveri
747 729 898 795 poterant,
907 719 1019 795 partim

122 823 290 896 Salamina,
306 822 417 898 partim
432 823 591 880 Troezena
607 821 788 897 deportant:
805 840 906 881 arcem
921 841 1019 881 sacer·
1055 840 1069 892 5

121 925 248 986 datibus
271 933 440 1002 paucisque
462 923 630 983 maiaribus
652 932 727 983 natri
747 925 786 982 ad
806 943 894 983 sacra
913 933 1019 1002 proca-

120 1029 220 1088 randa
235 1028 369 1100 tradunt,
386 1027 536 1104 reliquum
551 1025 700 1102 oppidum
715 1026 899 1104 relinquunt.

80 1133 104 1192 3
164 1131 268 1190 Haius
283 1130 445 1190 consilium
461 1130 616 1207 plerisque
636 1129 812 1190 civitatibus
835 1130 1020 1208 displicebat

121 1245 152 1294 et
176 1235 208 1292 in
230 1243 311 1294 terra
332 1233 471 1292 dimicari
493 1232 591 1310 magis
610 1233 761 1310 placebat.
807 1237 925 1312 Itaque·
933 1245 1019 1295 missi

121 1348 196 1398 sunt
215 1338 327 1397 delecti
349 1356 419 1395 cum
439 1337 587 1409 Leanida,
606 1338 921 1398 Lacedaemoniarum
937 1346 1017 1416 rege,
1039 1364 1069 1398 10

121 1452 175 1520 qui
199 1440 423 1519 Thermopylas
448 1449 637 1517 occuparent
662 1440 846 1519 longiusque
869 1443 1019 1503 barbares

120 1545 265 1624 pregredi
281 1551 342 1603 nen
358 1552 545 1620 paterentur.
583 1546 611 1602 Ii
626 1543 686 1602 vim
702 1544 837 1604 hostium
852 1553 915 1605 nen
931 1545 1019 1605 susti·

86 1656 256 1708 annerum
277 1655 377 1727 eaque
399 1648 468 1708 loca
487 1657 596 1709 omnes
619 1649 808 1712 interierunt.
852 1654 895 1710 At
910 1651 1019 1710 classis

120 1752 294 1813 commimis
323 1752 472 1812 Graeciae
505 1764 710 1815 trecentarum
739 1755 872 1827 navium,
900 1755 932 1813 in
958 1762 1019 1831 qua

121 1857 275 1916 ducentae
298 1866 386 1915 erant
407 1857 653 1931 Atheniensium,
674 1867 805 1935 primum
828 1859 910 1935 apud
934 1861 1020 1916 Arte·
1040 1879 1069 1931 15

121 1959 246 2020 misium
261 1960 342 2019 inter
359 1962 515 2020 Euboeam
535 1961 807 2040 continentemque
823 1971 934 2022 terram
950 1979 1019 2021 cum

121 2064 290 2124 classiariis
312 2065 404 2142 regiis
426 2065 572 2125 canflixit.
616 2066 786 2144 Angustias
801 2066 883 2124 enim
899 2064 1021 2124 Themi-

87 2171 104 2222 3
122 2168 238 2228 stocles
254 2169 432 2244 quaerebat,
448 2176 487 2228 ne
503 2168 698 2228 multitadine
714 2169 930 2229 circumiretur.
957 2170 1020 2227 Hic

122 2280 183 2330 etsi
198 2279 264 2347 pari
278 2271 395 2348 proelia
410 2271 627 2345 discesserant,
638 2281 742 2331 tamen
754 2274 864 2332 eadem
876 2272 945 2331 loca
957 2278 1020 2330 nan

122 2383 197 2434 sunt
219 2383 287 2433 ausi
308 2382 440 2446 manere,
458 2376 542 2451 quod
563 2385 628 2434 erat
647 2376 817 2452 periculum
836 2383 883 2448 ne,
901 2384 927 2434 si
949 2393 1020 2451 pars
1040 2395 1070 2428 20

123 2476 249 2536 navium
264 2477 507 2536 adversariarum
521 2479 678 2537 Euboeam
694 2488 880 2555 superasset,
894 2477 1020 2554 ancipiti

88 2585 106 2635 4
123 2590 336 2657 premerentur
356 2581 501 2658 pericula.
546 2582 617 2656 Qua
636 2583 753 2640 iactum
769 2591 816 2640 est
832 2591 864 2640 ut
880 2582 919 2640 ab
936 2584 1021 2639 Arte-

123 2683 214 2742 misia
244 2665 440 2742 discederent
469 2693 500 2742 et
529 2684 731 2743 exadversum
764 2684 905 2743 Athenas
939 2684 1021 2760 apud

125 2787 283 2846 Salamina
298 2787 428 2845 classem
445 2806 533 2845 suam
548 2787 780 2846 canstituerent.

86 2886 109 2945 4
167 2891 210 2948 At
246 2891 364 2948 Xerxes
401 2889 616 2968 Thermopylis
655 2899 837 2967 expugnatis
880 2889 1021 2966 pretinus
1041 2907 1071 2959 ²5

125 2991 258 3052 accessit
274 3001 343 3052 asta
358 2992 459 3082 idque,
477 2993 569 3051 nullis
585 2993 833 3065 defendentibus,
851 2992 1021 3052 interfectis

166 3158 181 3209 3
192 3144 354 3209 aperietis,
360 3147 469 3206 prieris.
477 3172 511 3180 —
521 3159 546 3192 11
562 3146 731 3209 occuparent,
742 3150 860 3193 tenerent.
867 3173 900 3181 -
911 3159 938 3194 12
951 3145 1020 3210 vim,

126 3229 392 3289 multifidum—17
400 3227 558 3291 classiariis,
566 3231 642 3289 capiis
649 3227 857 3275 radualdum-18
864 3230 1020 3292 quaerebat,

121 3311 225 3372 petebat.
235 3337 268 3346 —
278 3309 470 3374 circumiretur,
485 3311 654 3358 clauderetur.
664 3337 698 3345 -
707 3309 739 3358 26
751 3307 914 3373 interiectis,
928 3315 1021 3358 occisas.
