2434 3720
199 220 232 270 48
460 222 743 271 EPAMINONDAS.
778 221 801 279 6,
815 235 837 282 7.

200 397 312 466 pugne.
357 390 437 447 Tum
453 389 534 447 enim
550 389 687 466 perfecit,
706 390 789 465 quod
807 399 879 466 post
897 386 1038 465 apperuit,
1052 393 1079 442 ut

201 491 313 550 auxilie
330 492 570 551 Lacedaemonii
586 493 739 551 socierum
754 501 952 569 privarentur.

165 598 185 657 7
243 594 351 653 Fuisse
381 595 549 670 patientem
580 602 765 670 suorumque
795 595 921 654 iniurias
946 595 1082 653 ferentem

200 696 320 769 civium,
345 698 428 773 quod
451 705 484 756 se
507 697 624 774 patriae
647 706 737 757 irasci
760 698 849 757 nefas
869 716 938 756 esse
960 699 1082 768 duceret,

199 801 276 858 haec
295 811 367 859 sunt
386 801 572 860 testimonia.
618 803 696 860 Cum
719 820 788 859 eum
810 809 936 878 propter
950 801 1085 859 invidiam
1114 809 1123 860 5

200 909 282 962 cives
312 912 360 962 sui
388 904 554 979 praeficere
583 903 729 962 exercitui
765 903 938 964 noluissent
974 905 1086 980 duxque

199 1017 283 1065 esset
298 1007 436 1066 delectus
459 1007 531 1065 belli
554 1007 721 1083 imperitus,
739 1007 825 1066 cuius
844 1015 946 1067 errere
962 1015 999 1067 ef>
1014 1015 1088 1066 esset

200 1117 334 1175 deducta
356 1116 408 1174 illa
430 1117 594 1176 multitudo
616 1117 745 1175 militum
761 1126 793 1176 ut
812 1124 919 1176 omnes
940 1119 979 1176 de
999 1119 1089 1176 salute

199 1219 459 1296 pertimescerent,
488 1220 571 1295 quod
597 1220 733 1279 locerum
763 1220 913 1298 angustiis
940 1221 1036 1280 clausi
1057 1221 1091 1279 ab

199 1323 342 1382 hostibus
364 1324 594 1396 obsidebantur,
621 1323 789 1381 desiderari
811 1332 922 1399 coepta
948 1334 996 1383 est
1022 1326 1093 1400 Epa·
1111 1335 1133 1368 10

200 1427 365 1486 minondae
381 1427 557 1504 diligentia:
581 1425 742 1484 eratenim
759 1425 801 1484 ibi
820 1435 956 1502 privetus
972 1434 1094 1486 numere

165 1536 182 1587 2
200 1529 313 1590 militis.
348 1523 450 1606 seque
467 1549 536 1588 cum
553 1537 694 1604 peterent
708 1547 808 1604 opem,
826 1529 941 1587 nullam
957 1529 1095 1589 adhibuit

200 1633 378 1692 memoriam
394 1632 598 1692 contumeliae
615 1640 645 1690 et
661 1631 827 1690 exercitum
842 1631 1007 1692 obsidiene
1027 1635 1096 1692 libe-

166 1743 298 1796 3retum
323 1738 447 1795 domum
476 1735 596 1794 reduxit
619 1735 811 1792 incolumem.
857 1737 924 1793 Nec
946 1743 1020 1795 vere
1040 1737 1096 1796 hec

199 1840 292 1898 semel
304 1839 386 1909 fecit,
399 1839 454 1898 sed
464 1837 595 1914 saepius.
631 1837 766 1895 Maxime
779 1837 949 1897 autemfuit
961 1838 1094 1911 inlustre,
1115 1853 1137 1903 15

199 1962 268 2001 cum
291 1943 321 2001 in
345 1943 592 2017 Peloponnesum
615 1940 781 1998 exercitum
797 1940 935 1999 diruisset
951 1942 1095 2001 adversus

200 2045 463 2104 Lacedaemonios
485 2044 674 2118 haberetque
697 2043 841 2118 conlegis
864 2043 951 2115 dues
970 2053 1096 2120 querum

199 2149 275 2207 alter
290 2158 356 2207 erat
373 2147 546 2224 Pelopidis
563 2146 608 2203 vir
623 2145 712 2204 tortis
727 2153 764 2203 ec
780 2153 931 2204 strenuus.
970 2149 1014 2204 Hi
1030 2165 1095 2205 cunr

198 2251 377 2310 criminibus
400 2248 643 2307 adversariorum
662 2255 769 2306 omnes
788 2248 818 2304 in
838 2247 986 2307 invidiam
1002 2251 1095 2309 venis·

198 2364 267 2413 sent
283 2355 323 2412 ob
339 2372 469 2428 eamque
492 2370 554 2409 rem
575 2351 734 2426 imperium
758 2351 794 2409 iis
817 2360 900 2409 esset
916 2351 1093 2429 abrogatum
1111 2367 1135 2400 ²0

199 2468 291 2533 atque
312 2458 342 2513 in
366 2464 471 2513 eorum
493 2455 594 2512 locum
616 2453 667 2510 alii
688 2461 846 2528 praeteres
862 2456 1093 2526 successissent,

164 2563 180 2610 4
200 2559 430 2636 Epaminondas
452 2557 558 2633 populi
583 2563 661 2614 scito
685 2563 747 2614 nen
774 2556 874 2631 peruit
898 2556 1043 2634 idemque
1065 2568 1095 2616 ut

198 2663 336 2721 iacerent
358 2660 511 2737 persuasit
534 2659 671 2734 conlegis
694 2668 724 2716 et
746 2659 860 2716 bellum
887 2661 972 2734 quod
998 2668 1095 2720 susce

197 2774 293 2840 perat,
327 2762 433 2840 gessit.
487 2764 628 2836 Namque
666 2761 937 2834 animadvertebat,
970 2763 1031 2822 nisi
1066 2764 1095 2822 id

197 2868 332 2938 fecisset,
363 2873 462 2924 totum
493 2863 661 2921 exercitum
692 2872 816 2939 propter
842 2871 1018 2939 praeterum
1048 2867 1095 2924 im·
1111 2879 1134 2930 ²5

164 2982 179 3029 5
198 2970 392 3046 prudentiam
408 2966 622 3040 inscitiamque
638 2966 711 3024 belli
732 2967 907 3041 periturum.
953 2969 1018 3026 Lex
1034 2979 1095 3028 erat

198 3074 315 3132 Thebis
348 3089 427 3148 quae
463 3078 561 3126 morte
591 3068 750 3140 multebat,
782 3078 808 3126 si
838 3069 907 3145 quis
937 3069 1095 3146 imperium

241 3219 268 3252 11
284 3205 402 3266 numeri),
416 3202 554 3248 locri-12
573 3210 661 3262 opem,
674 3201 855 3248 auxilium.—
865 3215 894 3265 13
906 3204 1093 3268 contumeliae,

198 3289 386 3344 iniuriae-14
406 3282 577 3345 incolumem,
590 3283 698 3329 salvum.
