2474 3718
422 214 628 262 HANNIBAL
666 230 703 273 12,
719 229 755 280 ¹3·
1005 214 1036 268 77

93 391 111 441 5
131 381 337 441 obsideretur.
384 384 463 440 Puer
478 401 547 439 cum
563 381 703 440 celeriter
725 381 800 458 quid
822 391 905 442 esset
927 392 1035 440 renun-

130 485 246 544 tiasset
258 492 427 560 omnesque
440 485 539 542 exitus
551 492 718 561 occupatos
728 485 926 559 ostendisset,
938 488 1034 546 sensit

131 588 164 646 id
181 595 246 646 non
261 588 388 646 fortuito
400 588 524 660 iactum,
539 588 594 647 sed
608 595 640 645 se
656 596 719 663 peti
736 607 836 664 neque
849 589 908 647 sibi
920 591 1034 649 diutius

131 700 231 749 vltam
254 709 324 748 esse
347 690 549 749 retinendam.
599 691 700 763 Quam
723 698 761 749 ne
784 693 886 752 alieno
908 694 1034 753 arbitrio

132 793 313 865 dimitteret,
340 812 456 850 memor
481 793 678 868 pristinarum
703 794 848 854 virtutum
871 805 1033 869 venenum,
1071 814 1084 867 5

133 897 220 973 quod
237 915 357 972 semper
373 903 477 954 secum
493 897 606 956 habere
624 905 795 971 consuerat,
814 889 951 975 sumpsit.

82 998 130 1058 13
178 1001 230 1058 Sic
255 999 299 1056 vir
324 999 521 1072 fortissimus,
548 1002 652 1060 multis
675 1003 829 1077 variisque
855 1003 1034 1079 perfunctus

134 1102 304 1174 laboribus,
333 1110 415 1161 anno
443 1103 599 1178 adquievit
627 1106 863 1182 septuagesimo.
913 1106 1034 1179 Quibus

134 1205 318 1266 consulibus
341 1205 499 1278 interierit,
517 1215 578 1267 non
600 1209 752 1267 convenit.
799 1211 942 1285 Namque
958 1210 1034 1268 Atti-

134 1329 190 1369 cus
215 1311 258 1367 M.
285 1309 416 1368 Claudio
440 1311 589 1371 Marcello
613 1313 650 1384 Q.
677 1311 773 1370 Fabio
796 1313 942 1372 Labeone
965 1320 1035 1372 con·
1056 1339 1085 1374 10

135 1413 256 1473 sulibus
276 1422 427 1472 mortuum
447 1414 478 1472 in
497 1414 601 1474 annali
618 1422 836 1491 subscriptum
854 1415 985 1491 reliquit,
1003 1426 1035 1474 at

136 1518 286 1599 Polybius
309 1521 343 1577 L.
364 1517 497 1577 Aemilio
521 1517 616 1576 Paulo
640 1519 697 1577 Cn.
723 1518 838 1576 Baebio
861 1519 1033 1594 Tamphilo,

138 1621 293 1699 Sulpicius
324 1630 425 1680 autem
458 1620 560 1680 Blitho
590 1622 622 1678 P.
651 1620 796 1679 Cornelio
823 1622 963 1697 Cethego
991 1623 1033 1680 M.

102 1727 119 1777 2
138 1725 256 1784 Baebio
274 1724 448 1801 Tamphilo.
494 1726 597 1798 Atque
618 1723 667 1780 hic
688 1732 793 1781 tantus
813 1724 858 1781 vir
878 1735 1034 1800 tantisque

136 1828 226 1888 bellis
254 1827 411 1887 districtus
438 1825 579 1885 nonnihil
604 1826 751 1902 temporis
780 1827 887 1886 tribuit
915 1827 1033 1886 litteris.
1056 1852 1085 1904 15

137 1934 281 2007 Namque
311 1930 429 2006 aliquot
455 1929 521 1988 eius
548 1929 615 1987 libri
642 1933 722 2001 sunt,
750 1931 870 1988 Graeco
894 1938 1035 1989 sermone

137 2035 281 2106 cbnfecti,
299 2033 330 2090 in
351 2033 388 2091 iis
409 2033 448 2091 ad
470 2032 611 2091 Rhodios
636 2032 673 2090 de
698 2034 754 2091 Cn.
773 2033 872 2089 Manli
887 2033 1035 2092 Volsonis

104 2148 120 2197 3
138 2137 166 2194 in
185 2136 262 2195 Asia
282 2137 374 2195 rebus
394 2145 500 2212 gestis.
548 2135 649 2194 Huius
669 2135 743 2193 belli
762 2145 850 2211 gesta
870 2137 957 2194 multi
976 2156 1035 2194 me-

136 2241 251 2298 moriae
268 2239 477 2315 prodiderunt‚
496 2239 552 2296 sed
572 2257 609 2295 ex
628 2239 675 2296 his
696 2238 766 2310 du0,
784 2247 835 2314 qui
856 2259 926 2297 cum
946 2247 983 2299 eo
1004 2240 1034 2297 in

137 2352 246 2402 castris
267 2344 391 2400 fuerunt
409 2341 560 2418 simulque
581 2349 719 2399 vixerunt
742 2343 888 2417 quamdiu
913 2343 1035 2402 fortuna
1055 2367 1086 2401 20

136 2465 230 2522 passa
252 2456 309 2517 est,
328 2446 449 2504 Silenus
472 2454 502 2502 et
527 2444 644 2502 Sosilus
664 2445 938 2503 Lacedaemonius.
984 2447 1035 2504 At-

137 2568 196 2625 que
212 2549 272 2607 hoc
290 2548 390 2607 Sosilo
404 2547 565 2605 Hannibal
581 2547 747 2605 litterarum
760 2549 947 2607 Graecarum
962 2558 1035 2607 usus

137 2663 184 2711 est
200 2653 335 2711 doctore.

104 2763 121 2811 4
181 2755 244 2813 Sed
267 2762 324 2814 nos
347 2763 469 2830 tempus
492 2763 539 2812 est
562 2753 652 2811 huius
675 2753 744 2812 libri
765 2754 868 2812 facere
890 2755 985 2813 linem
1005 2765 1036 2813 et

139 2860 349 2916 Romanorum
363 2857 515 2933 explicare
529 2855 737 2933 imperatores
750 2864 811 2932 quo
822 2857 952 2930 facilius,
966 2877 1035 2916 con·
1055 2883 1067 2914 2
1073 2881 1085 2931 5

138 2961 209 3020 latis
237 2968 433 3036 utrorumque
461 2960 562 3031 factis,
589 2967 640 3035 qul
664 2959 720 3017 viri
750 2961 944 3036 praeferendi
974 2961 1036 3021 sint

138 3063 239 3140 possit
255 3063 389 3122 iudicari.

182 3209 196 3259 3
215 3193 337 3260 fortuito,
359 3201 489 3255 cosm-7
509 3195 604 3259 variis,
626 3196 807 3259 diversis-9
825 3196 962 3262 convenit,
984 3203 1036 3246 con-

138 3286 236 3326 stat.—
246 3292 273 3340 ¹7
293 3277 417 3343 confecti,
431 3283 525 3340 scripti.
