2434 3720
405 240 625 294 PAusAnms.
662 257 684 308 3,
698 255 720 304 4.
977 235 1010 290 23

109 411 242 472 Hilatae
264 421 399 485 vocatur,
427 420 556 488 quarum
585 420 698 488 magna
726 410 890 468 multitada
919 417 1010 485 agras

108 514 429 574 Lacedaemoniarum
446 515 519 573 colit
534 522 752 589 servatumque
767 522 892 570 manere
911 512 1010 589 fungi·

107 627 168 678 tur.
216 620 286 677 Has
302 636 425 694 quoque
441 617 606 676 sollicitare
622 624 677 692 spe
692 615 843 674 libertatis
859 615 1010 674 existima·

70 727 89 777 7
107 722 211 779 batur.
251 721 313 779 Sed
329 721 412 796 quod
427 721 534 779 harum
550 727 650 777 rerum
665 718 780 777 millum
794 728 859 776 erat
871 727 1009 794 apertum

108 833 226 882 crimen
257 831 318 899 qua
348 832 433 899 argui
468 832 584 898 posset,
615 829 677 881 nan
706 822 858 898 putabant
887 822 926 880 de
955 822 1010 880 tali
1045 835 1059 887 5

108 936 236 1002 tamque
252 926 336 985 clara
348 925 414 985 vira
430 924 658 1001 suspicionibus
674 932 815 1001 oportere
831 924 968 997 indicari,
979 934 1010 983 et

109 1029 356 1106 exspectandum
372 1029 444 1086 dum
460 1036 494 1086 se
509 1028 577 1105 ipsa
592 1035 640 1086 res
656 1036 796 1104 aperiret.

64 1131 92 1188 4
153 1131 283 1190 Interim
312 1131 448 1208 Argilius
478 1131 602 1207 quidam
632 1131 889 1204 adulescentulus,
918 1151 1009 1207 quem

109 1254 240 1312 puerum
264 1235 435 1294 Pausanias
458 1235 615 1307 dilexerat,
632 1253 702 1292 cum
724 1235 887 1310 epistulam
909 1236 949 1293 ab
972 1243 1009 1294 ea

110 1340 150 1397 ad
180 1339 371 1397 Artabazum
399 1339 580 1414 accepisset,
612 1347 701 1414 eique
736 1337 767 1395 in
800 1337 1008 1414 suspicionem
1028 1358 1059 1392 ιο

109 1441 248 1501 vanisset
270 1441 387 1519 aliquid
413 1442 443 1498 in
471 1450 508 1500 ea
534 1442 573 1500 de
599 1448 632 1500 se
652 1459 721 1499 esse
747 1449 903 1516 scriptum,
926 1443 1009 1517 quod

109 1553 202 1606 uerna
228 1553 333 1604 earum
355 1545 487 1604 redisset
516 1553 568 1620 qui
591 1563 683 1621 super
705 1545 759 1603 tali
781 1553 876 1603 causa
899 1545 1008 1604 eadem

108 1657 197 1708 missi
221 1657 317 1720 erant,
341 1648 442 1706 vincla
468 1647 619 1724 epistulae
643 1647 757 1709 laxavit
783 1655 933 1724 signaque
960 1649 1009 1707 de·

108 1759 210 1812 tracta
225 1751 378 1828 cagnavit,
396 1760 422 1810 si
437 1751 622 1828 pertulisset,
639 1751 698 1810 sibi
716 1770 786 1810 esse
807 1752 1007 1827 pereundum.

71 1865 90 1914 2
110 1858 208 1914 Erant
230 1854 261 1912 in
285 1855 393 1913 eadem
416 1854 548 1932 epistula
570 1873 649 1930 quae
675 1855 714 1912 ad
740 1873 777 1912 ea
802 1854 1007 1930 pertinebant,
1028 1871 1058 1925 15

109 1977 190 2035 quae
207 1956 287 2016 inter
302 1965 404 2033 regem
418 1957 663 2034 Pausaniamque
677 1965 892 2017 convenerant.
939 1960 1008 2017 Has

71 2063 90 2112 3
108 2061 159 2120 ille
175 2061 295 2119 litteras
311 2061 434 2137 ephoris
450 2059 585 2118 tradidit.
630 2063 702 2119 Nan
718 2069 764 2118 est
785 2062 1008 2136 praetereunda

107 2163 246 2241 gravitas
259 2163 575 2222 Lacedaemoniarum
590 2163 650 2223 hirc
662 2163 739 2223 loct).
774 2166 854 2221 Nam
866 2171 905 2222 ne
916 2164 1008 2223 huius

109 2267 236 2343 quidem
253 2265 367 2325 indicia
383 2265 506 2343 impulsi
521 2275 602 2338 sunt,
619 2276 653 2325 ut
669 2267 854 2325 Pausaniam
875 2285 1009 2344 compre·

108 2369 292 2441 henderent,
305 2387 405 2445 neque
422 2368 506 2444 prius
522 2368 583 2426 vim
600 2368 807 2428 adhibendam
822 2378 1008 2445 putaverunt
1027 2386 1058 2420 20

109 2491 203 2549 quam
219 2479 253 2530 se
275 2470 342 2547 ipse
364 2470 542 2530 indicasset.
589 2474 699 2547 Itaque
720 2471 791 2530 huic
813 2471 916 2544 indici,
934 2472 1008 2549 quid

74 2576 174 2634 4fieri
204 2574 327 2646 vellent,
358 2581 589 2651 praeceperunt.
642 2575 760 2633 Fanum
791 2577 929 2651 Neptuni
960 2585 1008 2635 est

109 2680 253 2748 Taenari,
270 2677 354 2752 quod
369 2676 477 2736 violari
492 2678 580 2736 nefas
597 2686 708 2754 putant
728 2679 847 2737 Graeci.
894 2681 939 2739 Εό
957 2679 1008 2738 ille

109 2780 203 2840 index
233 2779 370 2856 caufagit
399 2779 429 2837 in
460 2789 573 2856 araque
603 2780 752 2839 cansedit.
805 2782 899 2840 Hane
925 2782 1008 2841 iuxta

108 2884 211 2943 locum
230 2883 369 2942 [ecferunt
390 2884 448 2941 sub
470 2891 551 2942 terra
577 2901 615 2941 ex
641 2891 701 2959 qua
726 2893 834 2960 posset
859 2886 966 2959 audiri,
983 2894 1009 2944 si
1027 2897 1058 2950 25

110 2987 178 3063 quis
195 2985 271 3063 quid
286 2986 462 3061 loqueretur
477 3005 544 3044 cum
562 2985 688 3062 Argilir‘).
735 2989 807 3045 Hac
825 3006 863 3045 ex
885 2987 1008 3065 ephoris

77 3090 92 3138 5
109 3091 236 3168 quidam
259 3089 493 3148 descenderunt.
540 3089 719 3163 Pausanias,
736 3099 769 3148 ut
792 3091 908 3150 audivit
923 3094 1010 3170 Argi·

151 3247 165 3282 2
189 3235 309 3296 manere,
333 3232 461 3295 officia-
476 3245 504 3278 12
532 3245 621 3295 super,
646 3233 728 3280 da—
743 3246 772 3294 19
796 3233 910 3295 impulsi
932 3235 993 3283 sir'

108 3317 211 3366 inducti
218 3322 288 3364 srmt.
299 3344 332 3350 —
342 3329 372 3362 22
391 3313 496 3379 finum,
511 3317 641 3377 templum.
650 3343 684 3350 —
694 3329 724 3374 24
742 3315 828 3379 iuxta,
841 3321 923 3376 prope
