2434 3720
414 250 629 300 PELOPIDAS.
667 266 686 309 1,
701 264 722 300 2.
985 251 1016 304 53

115 416 379 494 Peloponnesium
408 419 523 476 bellum
550 419 751 495 Athenasque
780 421 917 480 devictis
946 440 1015 480 curn

115 522 277 580 Thebanis
302 520 362 580 sibi
385 540 448 580 rem
473 540 542 580 esse
567 522 785 581 existimabant
810 533 841 582 et
867 531 920 582 ees
946 542 1015 583 esse

15 671 16 674 ,
81 633 98 680 4
114 624 201 684 seles
216 633 269 699 qui
285 624 432 682 adversus
450 624 592 683 resistere
614 626 771 684 auderent.
817 628 887 685 Hic
913 636 1015 686 mente

115 736 224 786 amicis
240 737 305 787 suis
321 736 456 786 summes
476 735 647 804 potestates
664 728 814 788 dederant
829 729 1014 806 alteriusque

113 831 262 890 factienis
278 831 433 908 principes
452 831 563 907 partim
584 831 810 904 interfecerant,
828 832 905 892 alies
920 832 951 890 in
966 852 1015 892 ex·
1050 849 1064 902 5

115 934 219 992 silium
242 935 413 994 eiecerant:
437 934 468 992 in
492 934 604 1009 quibus
629 934 795 1011 Pelopidas
817 936 874 1008 bic,
891 936 930 994 de
954 944 1015 1012 qut')

115 1039 251 1097 scribere
267 1046 367 1098 exersi
384 1058 498 1111 sumus,
516 1039 623 1115 pulsus
639 1037 738 1115 patria
754 1039 887 1097 carebat.

80 1133 101 1192 2
160 1143 205 1199 Hi
226 1149 334 1200 omnes
353 1143 418 1200 fere
434 1144 575 1202 Athenas
598 1151 632 1201 se
655 1142 858 1212 contulerant,
874 1149 937 1201 nen
953 1150 1015 1218 que

116 1254 318 1320 sequerentur
333 1245 437 1318 otium,
455 1247 510 1305 sed
526 1256 567 1318 ut,
585 1265 677 1323 quem
697 1265 734 1304 ex
754 1245 892 1321 proxime
913 1246 1014 1304 locum

115 1348 179 1405 fors
205 1346 377 1418 obtulisset,
405 1357 443 1408 eo
465 1349 595 1425 patriam
625 1361 805 1428 recuperare
836 1361 1012 1411 niterentur.
1034 1372 1064 1406 10

83 1453 227 1525 21taque
247 1470 316 1509 cum
335 1460 456 1527 tempus
473 1463 557 1510 esset
572 1462 671 1511 visum
691 1463 734 1513 rei
754 1456 918 1531 gerendae,
935 1473 1014 1512 com-

116 1553 248 1612 muniter
267 1572 336 1611 cum
357 1554 394 1612 iis
417 1563 470 1630 qui
489 1555 606 1614 Thebis
627 1556 709 1615 idem
730 1557 914 1629 sentiebant,
932 1558 1014 1616 diem

116 1656 297 1733 delegerunt
324 1657 363 1715 ad
386 1657 527 1717 inimices
553 1659 772 1735 opprimendes
797 1660 1014 1736 civitatemque

115 1759 308 1818 liberandam
325 1779 394 1818 eum
410 1769 471 1836 que
486 1761 611 1820 maiximi
627 1763 823 1839 magistretus
839 1763 929 1821 simul
945 1770 1015 1822 cen-

84 1864 100 1912 3
117 1870 242 1920 suerant
262 1863 388 1938 epulari.
435 1865 568 1940 Magnae
584 1884 678 1942 saepe
694 1873 742 1925 res
757 1874 819 1926 nen
836 1866 878 1924 ita
894 1875 1014 1943 magnis
1034 1893 1063 1944 15

116 1965 214 2041 cepiis
238 1975 310 2024 sunt
331 1975 448 2041 gestae,
466 1968 522 2027 sed
544 1969 684 2044 proiecte
705 1987 871 2044 numquam
891 1979 953 2028 tam
974 1971 1014 2028 ab

116 2077 201 2127 tenui
232 2068 320 2128 initie
349 2079 454 2128 tantae
484 2078 559 2146 opes
589 2081 661 2130 sunt
690 2071 879 2149 prefligetae.
933 2075 1013 2130 Nam

115 2171 281 2230 duodecim
304 2173 527 2231 adulescentuli
550 2174 689 2234 coierunt
711 2194 748 2234 ex
770 2175 807 2233 iis
831 2184 883 2251 qui
906 2175 1015 2235 exsilie

115 2285 204 2334 erant
234 2275 363 2347 multati,
395 2294 466 2333 cum
495 2284 621 2336 omnine
654 2285 716 2337 nen
748 2288 854 2337 essent
883 2278 1014 2355 amplius

115 2388 250 2459 ceptum,
268 2387 321 2453 qui
341 2386 429 2438 tante
448 2387 482 2438 se
503 2380 648 2439 offerrent
667 2382 812 2458 periculo.
857 2381 928 2454 Qua
944 2401 1014 2457 pau·
1033 2410 1064 2445 20

83 2487 98 2536 4
115 2481 207 2540 citete
222 2481 366 2557 perculsa
381 2491 429 2541 est
446 2483 760 2543 Lacedaemoniorum
777 2484 924 2560 potentia.
971 2486 1015 2542 Hi

115 2585 197 2644 enim
217 2592 280 2643 nen
300 2584 397 2661 magis
414 2585 657 2645 adverseriorum
672 2587 802 2646 factieni
818 2606 910 2663 quam
927 2589 1013 2663 Spar-

116 2697 197 2746 tanis
220 2695 259 2746 ee
283 2696 420 2763 tempore
445 2688 560 2746 bellum
584 2688 760 2762 intulerunt,
782 2699 834 2764 qui
860 2689 1014 2765 principes

116 2800 202 2849 erant
232 2797 328 2849 tetius
358 2791 527 2850 Graeciae:
560 2799 688 2867 querum
720 2791 827 2870 imperi
857 2793 1013 2864 maiestas,

115 2912 215 2969 neque
237 2892 280 2951 ita
299 2893 395 2952 multe
416 2902 496 2969 post,
520 2895 681 2954 Leuctrica
704 2904 807 2972 pugne
830 2895 868 2953 ab
891 2895 950 2953 hec
973 2895 1016 2952 in·
1033 2923 1064 2976 ²5

85 2998 99 3047 ὅ
115 2994 169 3054 itio
184 2994 327 3072 perculsa
343 2995 488 3054 concidit.
535 2996 585 3053 Illi
597 2996 689 3072 igitur
700 2995 873 3069 duodecim,
885 3004 1014 3073 querum

147 3170 161 3217 7
192 3156 281 3207 exiitsi
302 3169 406 3220 tumus,
427 3158 655 3218 incepimus-10
677 3159 830 3222 obtulisset,
852 3159 1014 3216 ostendissem

116 3241 275 3304 niterentur,
306 3245 548 3301 crumentum—17
579 3241 665 3305 tenui,
685 3239 858 3302 parva-18
882 3240 1013 3307 coierunt,

116 3327 292 3372 convenerunt.
