2434 3720
394 787 780 873 THEMISTOCLES.

94 1028 119 1088 1
181 1008 441 1091 Turursrocras,
459 1018 570 1076 Neocli
584 1017 677 1090 filius,
695 1017 904 1077 Atheniensis.
933 1018 1035 1078 Huius

137 1122 215 1181 vitia
230 1119 365 1181 ineuntis
384 1121 613 1182 adulescentiae
637 1130 755 1198 magnis
778 1131 850 1180 sunt
872 1122 1036 1182 emendata

137 1224 312 1297 virtutibus,
337 1226 416 1286 adea
442 1234 475 1283 ut
505 1225 694 1283 anteferatur
722 1224 794 1283 huic
822 1232 922 1297 neme,
946 1234 1036 1302 pauci

100 1340 119 1390 2
137 1335 230 1407 pares
246 1337 400 1404 putentur.
430 1328 491 1387 Sed
507 1326 651 1414 ab'initia
666 1336 714 1386 est
729 1327 921 1387 ardiendum.
946 1331 1037 1386 Pater

138 1431 207 1492 eius
224 1431 357 1491 Neocles
372 1437 541 1509 generasus
556 1429 623 1490 fuit.
652 1432 684 1489 Is
700 1438 825 1489 uxerem
842 1434 1037 1490 Acarnanam
1075 1454 1088 1506 5

138 1543 239 1594 civem
261 1533 356 1607 duxit,
373 1553 411 1593 ex
433 1542 494 1610 qua
516 1541 608 1596 uatus
629 1542 677 1592 est
696 1533 930 1593 Themistocles.
976 1535 1038 1606 Qui

138 1657 211 1698 cum
227 1636 328 1696 minus
344 1646 427 1696 esset
445 1637 594 1724 probatus
615 1635 804 1712 parentibus,
822 1638 905 1713 quod
920 1646 951 1695 et
967 1636 1038 1695 libe·

138 1739 204 1799 rius
223 1740 347 1799 vivebat
367 1748 398 1798 et
417 1759 482 1798 rem
503 1738 686 1798 familiarem
709 1739 901 1816 neglegebat,
918 1748 936 1798 a
951 1748 1038 1815 patre

101 1853 120 1904 3
139 1843 346 1904 exheredatus
369 1852 425 1902 est.
470 1843 559 1916 Quae
575 1842 761 1901 contumelia
776 1849 838 1901 nan
853 1842 943 1919 fregit
959 1860 1037 1913 eum,

139 1945 198 2008 sed
231 1943 336 2006 erexit.
388 1949 469 2004 Nam
506 1964 576 2004 eum
613 1945 781 2003 indicasset
817 1945 884 2004 sine
920 1955 1039 2004 summa
1060 1971 1089 2007 10

140 2045 294 2108 industria
310 2056 372 2108 nan
389 2067 482 2125 posse
498 2067 566 2106 eam
582 2047 744 2125 exstingui,
758 2054 856 2106 tatum
873 2055 905 2106 se
921 2048 1039 2106 dedidit

139 2161 185 2212 rei
207 2151 359 2229 publicae,
377 2151 556 2228 diligentius
579 2159 686 2209 amicis
709 2151 870 2226 famaeque
891 2151 1037 2209 serviens,

142 2256 278 2314 Multum
290 2255 321 2313 in
334 2254 456 2313 iudiciis
472 2262 600 2330 privatis
615 2254 803 2325 versabatur,
814 2273 907 2329 saepe
923 2254 954 2311 in
970 2262 1040 2313 can-

140 2358 259 2418 tienem
283 2357 388 2435 populi
412 2357 575 2432 pradibat3
603 2355 687 2415 nulla
712 2364 760 2415 res
788 2356 884 2416 maior
909 2357 975 2415 sine
1002 2364 1040 2415 ea

140 2462 315 2540 gerebatur,
326 2459 465 2519 celeriter
478 2478 556 2536 quae
568 2478 647 2536 opus
659 2469 746 2518 erant
758 2459 938 2535 reperiebat,
949 2459 1040 2518 facile
1061 2483 1090 2536 15

106 2573 125 2623 4
142 2563 252 2623 eadem
268 2563 408 2623 aratione
424 2562 608 2638 explicabat.
654 2563 763 2637 Neque
786 2562 887 2621 minus
903 2562 933 2620 in
949 2564 1040 2621 rebus

140 2667 286 2746 gerendis
309 2673 469 2742 premptus
485 2684 577 2742 quam
593 2664 805 2742 excagitandis
821 2675 894 2737 erat,
912 2667 995 2741 quod
1010 2676 1041 2724 et

143 2772 182 2830 de
204 2769 402 2841 instantibus,
426 2778 459 2826 ut
484 2767 528 2826 ait
551 2767 760 2846 Thucydides
784 2767 942 2828 verissime
967 2768 1041 2826 iudi-

143 2873 235 2932 cabat
257 2881 288 2930 et
310 2870 349 2930 de
371 2871 481 2929 futuris
515 2869 713 2929 callidissime
743 2870 925 2930 coniciebat.
970 2871 1042 2945 Qua

142 2975 260 3035 factum
276 2983 323 3034 est
339 2983 373 3032 ut
387 2973 627 3051 brevitempore
643 2972 864 3032 inlustraretur.
1061 3003 1093 3038 20

186 3162 199 3196 2
223 3147 378 3212 emendata,
402 3151 586 3205 correcta-4
609 3145 750 3210 putentur,
775 3148 972 3204 exastimentum
1001 3148 1043 3198 est

144 3230 311 3294 brdiendum,
338 3235 374 3277 est
398 3229 649 3292 incipiendumt-5
676 3229 796 3292 uxerem,
822 3231 1043 3291 coniugem-10

144 3313 301 3377 ifidicimt,
313 3313 516 3360 sasima-11
532 3310 677 3375 indmffla,
690 3311 830 3373 diligentia.
