2434 3720
197 231 214 279 4
493 233 708 282 MILTIAnEs
743 249 766 298 3,
778 248 802 295 4.

198 416 267 456 cum
282 397 420 474 plerique
436 400 629 471 accederent,
648 400 810 460 Histiaeus
823 401 973 473 Milesius,
990 409 1028 460 ne
1044 409 1094 462 res

197 501 406 574 conficeretur,
435 502 564 574 obstitit,
592 503 698 562 dicens
728 511 790 563 nen
821 504 902 562 idem
929 505 1012 580 ipsis,
1041 515 1094 581 qui

198 613 332 662 summes
359 604 466 680 imperi
491 613 640 678 tenerent,
666 608 810 682 expedire
837 617 868 666 et
894 608 1091 681 multitidini,

197 708 280 782 quod
298 709 390 766 Derei
406 715 500 784 regne
516 708 650 784 ipserum
666 717 812 768 niteretur
827 710 1011 770 dominetie:
1031 719 1093 787 que

197 809 350 870 exstincte
383 810 468 886 ipses
501 821 657 888 potestate
692 813 836 889 expulses
872 813 991 872 civibus
1028 823 1092 872 suis
1130 829 1144 880 5

198 922 316 989 poenes
339 915 472 975 datnres
519 919 628 993 Itaque
652 916 730 975 adeo
749 924 782 974 se
801 917 964 974 abhorrere
979 925 998 974 e
1014 924 1092 975 cete-

198 1025 299 1075 rorum
325 1019 468 1092 censilie,
488 1028 521 1076 ut
547 1018 623 1077 nihil
649 1029 737 1095 putet
762 1019 837 1094 ipsis
867 1019 971 1077 titilius
1001 1039 1092 1095 quam

163 1135 179 1184 6
197 1122 372 1181 confirmari
392 1130 520 1200 regnum
539 1125 709 1181 Persarum.
756 1122 858 1180 Huius
881 1141 949 1180 cum
972 1133 1093 1182 senten-

197 1224 271 1282 tiam
293 1225 414 1300 phirimi
435 1235 541 1285 essent
563 1233 669 1297 secflti,
688 1224 847 1283 Miltiades
865 1231 927 1284 non
946 1225 1091 1284 dubiteris

196 1337 260 1386 tam
275 1328 379 1387 multis
395 1328 528 1388 censciis
544 1328 585 1388 ad
600 1328 679 1404 regis
700 1335 789 1386 aures
808 1327 938 1386 censiiia
956 1347 1011 1387 sua
1029 1347 1092 1404 per·
1115 1351 1144 1386 10
1185 1323 1190 1353 ²

196 1441 333 1503 ventura,
359 1432 587 1490 Chersonesum
613 1430 735 1506 reliquit
759 1440 797 1490 ric
823 1440 926 1489 rursus
951 1432 1091 1490 Athenes

197 1533 386 1611 demigravit.
439 1534 535 1594 Cirius
567 1533 646 1594 ratie
678 1543 737 1592 etsi
766 1541 827 1593 nen
858 1533 962 1607 valuit,
989 1543 1090 1593 tamen

196 1645 309 1714 magne
335 1656 427 1713 opere
454 1646 502 1696 est
527 1637 684 1706 laudanda
709 1656 779 1695 cum
806 1636 932 1695 amicior
957 1638 1091 1696 omnium

197 1740 330 1799 liberteti
346 1760 438 1816 quam
454 1759 527 1799 suae
543 1739 635 1798 fuerit
651 1739 862 1798 dominetieni.

157 1852 180 1910 4
238 1845 357 1903 Dereus
373 1854 484 1916 autem,
502 1862 571 1902 cum
587 1862 625 1902 ex
641 1845 763 1918 Europe
778 1843 809 1900 in
826 1843 933 1901 Asiam
951 1844 1090 1916 redisset,
1114 1867 1143 1919 ις

195 1946 390 2006 hortantibus
414 1956 520 2006 amicis
543 1956 577 2005 ut
597 1945 759 2006 Graeciam
782 1946 935 2022 redigeret
955 1946 986 2004 in
1005 1965 1092 2005 suam

195 2059 390 2127 potestatem,
416 2050 548 2108 classem
582 2057 818 2126 quingentarum
855 2049 978 2108 naevium
1014 2069 1093 2109 com·

195 2152 315 2228 parevit
347 2163 437 2230 eique
470 2153 576 2211 Datim
612 2151 760 2228 praefecit
793 2161 823 2210 et
856 2152 1090 2228 Artaphernem,

196 2256 305 2331 hisque
321 2256 455 2314 ducenta
471 2255 618 2331 pediturn,
630 2256 738 2313 decem
751 2253 888 2329 equitum
900 2254 982 2312 milia
995 2256 1090 2328 dedit,

196 2377 321 2416 causam
339 2358 525 2417 interserens
548 2365 581 2416 se
603 2358 725 2415 hostem
746 2375 817 2415 esse
837 2357 1090 2431 Atheniensibus,
1112 2384 1143 2418 20

196 2462 279 2538 quod
308 2469 413 2520 eerum
446 2461 559 2519 auxilie
596 2463 689 2520 lenes
724 2460 829 2518 Sardis
862 2469 1092 2537 exprignessent

161 2578 179 2628 2
196 2583 312 2640 suaque
332 2563 488 2641 praesidia
505 2563 740 2622 interfecissent.
788 2563 837 2623 Illi
852 2563 1001 2639 praefecti
1017 2565 1093 2641 regii

195 2668 295 2726 classe
311 2668 351 2726 ad
368 2666 526 2725 Euboeam
541 2667 672 2742 appulse
688 2666 827 2725 celeriter
843 2665 991 2724 Eretriam
1006 2674 1092 2742 cepe

195 2780 266 2829 runt
286 2777 456 2845 omnesque
476 2768 542 2827 eius
559 2769 660 2846 gentis
676 2776 759 2827 cives
775 2770 920 2844 abreptes
937 2768 968 2826 in
984 2769 1091 2828 Asiam

195 2874 234 2931 ad
250 2880 351 2950 regem
369 2879 525 2930 miserunt.
571 2872 649 2930 Inde
672 2872 712 2930 ad
734 2871 870 2929 Atticam
893 2878 1092 2931 accesserunt
1110 2895 1140 2945 ²5

238 3056 248 3090 1
261 3041 518 3107 pleriquesplnrimr‘.
527 3057 582 3101 —4
595 3041 753 3105 nominetis,
763 3042 909 3103 imperium.
916 3055 970 3102 -7
983 3042 1090 3107 titiliuS,

194 3127 293 3173 melius.
303 3153 336 3160 —
348 3137 377 3188 15
394 3124 519 3188 redisset,
539 3125 686 3171 revertisset.
694 3149 728 3158 —
739 3122 769 3170 16
787 3123 972 3187 hortantibus,
983 3127 1092 3172 sudden·

194 3209 268 3256 tibus.
277 3234 310 3244 -
319 3220 350 3255 20
362 3207 534 3270 interserens,
545 3208 714 3267 interponens.
723 3232 758 3240 -
767 3219 797 3252 22
810 3203 951 3269 praefecti,
965 3208 1045 3254 duces.
