2434 3720
197 241 228 290 14
448 243 745 291 THEMISTOCLES.
780 241 803 300 6,
816 255 839 304 7.

196 410 317 468 duebus
339 409 484 483 victrinis,
505 409 704 470 Marathenia
725 419 756 468 et
780 408 955 481 Salaminii,
972 418 1091 470 tantam

194 512 322 590 gleriam
339 514 421 589 apud
437 521 544 572 omnes
558 521 667 590 gentes
684 523 771 572 erant
783 520 941 572 censecirti
957 522 990 571 ut
1005 513 1091 572 intel-

195 615 331 692 legerent
355 616 593 675 Lacedaemonii
617 617 655 676 de
679 616 853 693 principatu
879 615 938 674 sibi
960 635 1030 674 cum
1053 616 1091 675 iis

160 822 349 881 4volebant.
394 824 563 898 Postquam
586 831 688 881 autem
708 822 871 882 audierunt
886 830 988 882 mures
1004 831 1088 895 strui,
1128 837 1142 889 5

194 925 314 1002 legetes
329 926 469 985 Athenes
485 933 641 998 miserunt,
660 935 712 1002 qui
727 925 759 985 id
774 927 839 984 fieri
854 935 1003 985 veterent.
1029 928 1090 985 His

193 1028 408 1104 praesentibus
424 1029 581 1087 desierunt
593 1037 630 1087 ec
642 1037 675 1088 se
691 1030 729 1088 de
745 1037 782 1088 ee
797 1036 828 1087 re
845 1029 963 1105 legetes
979 1029 1019 1087 ad
1035 1036 1089 1088 ees

159 1139 176 1188 5
193 1139 341 1190 missinis
356 1132 507 1191 dixerunt.
548 1133 642 1190 Hanc
657 1132 843 1209 legetienem
859 1131 995 1208 suscepit
1010 1132 1089 1190 The-

193 1234 350 1294 mistocles
362 1244 393 1294 et
405 1235 490 1295 selus
504 1243 603 1312 prime
619 1236 776 1313 profectus
790 1244 856 1294 est:
872 1235 981 1311 reliqui
995 1236 1088 1312 legeti

192 1346 227 1395 ut
241 1347 305 1396 tum
320 1346 438 1397 exirent
454 1358 523 1396 cum
538 1339 614 1397 satis
636 1339 690 1397 alti
711 1339 828 1398 tuendo
845 1348 923 1397 mirri
942 1347 1088 1398 exstricti
1111 1360 1142 1395 ιο

193 1440 377 1514 viderentur,
401 1441 575 1518 praecepit:
602 1442 723 1500 interim
750 1449 866 1513 omnes
890 1450 969 1500 servi
995 1451 1086 1516 atque

193 1543 289 1617 liberi,
306 1564 384 1621 opus
406 1546 544 1604 facerent
568 1564 667 1622 neque
686 1545 738 1603 ulli
753 1547 822 1604 loco
837 1553 1005 1621 parcerent,
1023 1553 1086 1603 sive

192 1666 281 1708 sacer
294 1659 355 1707 sive
361 1649 521 1725 profanus,
536 1657 599 1707 sive
612 1656 749 1724 privatus
761 1658 844 1707 esset
856 1656 920 1707 sive
936 1648 1085 1724 pirblicus‚

192 1761 223 1810 et
239 1750 384 1828 undique,
401 1733 485 1828 quod
501 1752 645 1810 idoneum
661 1752 701 1810 ad
716 1751 915 1811 mimiendum
933 1760 1085 1828 puterent,

193 1864 402 1932 congererent.
429 1855 501 1928 Qud
515 1855 632 1913 factum
647 1864 695 1913 est
710 1864 743 1913 ut
758 1854 995 1913 Atheniensium
1011 1864 1087 1912 mirri
1108 1872 1139 1924 15

193 1977 230 2016 ex
245 1958 366 2017 sacellis
382 1958 592 2035 sepulcrisque
608 1965 795 2017 censterent.

156 2057 178 2116 7
233 2061 460 2120 Themistocles
493 2071 605 2129 autem,
632 2071 666 2120 ut
699 2061 964 2120 Lacedaemonem
993 2061 1085 2133 venit,

192 2165 276 2224 adire
289 2165 328 2222 ad
341 2164 539 2241 magistratus
554 2165 653 2224 neluit
664 2173 695 2224 et
707 2164 794 2223 dedit
805 2183 930 2240 operam
946 2173 979 2222 ut
995 2182 1086 2240 quam

192 2268 369 2344 longissime
393 2278 514 2344 tempus
536 2268 671 2340 duceret,
688 2287 813 2326 causam
835 2267 1034 2344 interpenens
1053 2274 1087 2325 se

158 2371 338 2447 2conleges
368 2381 556 2448 exspectare.
603 2373 681 2430 Cum
715 2370 953 2430 Lacedaemonii
983 2388 1087 2446 quere·
1106 2387 1139 2422 20

192 2485 298 2533 rentur
326 2493 405 2550 opus
434 2474 531 2533 nihile
560 2473 661 2532 minus
686 2474 751 2531 fieri
777 2492 908 2549 eumque
934 2472 965 2530 in
991 2481 1027 2531 ee
1054 2479 1086 2530 re

193 2585 297 2636 ceneri
311 2578 427 2650 fallere,
445 2576 566 2636 interim
581 2577 690 2653 reliqui
711 2577 804 2654 legati
825 2586 896 2634 sunt
919 2583 1085 2660 censecuti.

192 2673 344 2759 siquibus
360 2699 429 2738 cum
446 2681 584 2739 audisset
595 2689 658 2740 nen
671 2680 799 2738 multum
815 2697 977 2756 superesse
993 2687 1088 2737 muni-

192 2784 295 2856 tienis‚
307 2784 346 2842 ad
362 2784 494 2859 ephores
508 2783 823 2843 Lacedaemonierum
839 2782 978 2853 accessit,
991 2801 1088 2858 penes

193 2895 271 2965 ques
294 2905 446 2946 summum
468 2895 533 2944 erat
556 2886 724 2962 imperium,
742 2895 833 2962 atque
850 2884 932 2962 apud
948 2893 1001 2944 ees
1018 2903 1088 2942 con·
1107 2900 1139 2951 25

226 3074 239 3121 7
253 3060 400 3124 desierunt,
409 3059 672 3122 intermiserunt—9
684 3060 790 3123 reliqui,
801 3065 921 3107 citeri-
930 3072 959 3107 10
971 3058 1087 3123 exirent,

187 3144 418 3206 proficescerentur.
427 3170 461 3177 —
472 3155 502 3201 14
514 3142 696 3199 mitniendum‚
709 3145 807 3190 moenia
818 3143 947 3190 struenda.
957 3169 990 3177 -
1001 3155 1028 3202 17
1046 3142 1087 3205 ut,

186 3234 331 3290 postquam.
341 3254 375 3261 —
385 3238 414 3272 22
428 3226 493 3275 sunt
508 3226 652 3290 censecirti,
661 3230 842 3288 pervenerunt.
851 3253 886 3261 -
895 3239 908 3272 2
913 3237 925 3290 5
938 3223 1087 3288 contendit,

192 3310 319 3372 affirmat.
