2434 3720
416 695 695 781 ultionum.

60 929 85 986 1
150 928 346 999 Minimum,
371 925 510 986 Cimonis
531 925 625 1000 tilius,
650 927 860 1001 Atheniensis,
882 947 952 987 cum
973 937 1005 988 et

105 1030 291 1106 antiquitate
312 1029 435 1106 generis
450 1038 482 1089 et
497 1029 594 1106 glorio
616 1030 764 1089 moiorum
780 1041 810 1090 et
823 1041 882 1114 ¹suo
902 1032 1005 1090 mode-

106 1133 166 1193 stia
178 1143 258 1192 onus
270 1133 408 1191 omnium
420 1133 550 1192 maxime
562 1133 685 1192 floreret
696 1143 794 1210 eoque
806 1144 890 1193 esset
901 1144 1003 1194 aetote

107 1245 140 1294 ut
164 1243 226 1295 non
251 1235 312 1294 iam
336 1235 435 1295 solum
459 1237 498 1294 de
522 1243 560 1295 eo
575 1237 655 1295 bene
678 1244 811 1312 sperare,
833 1238 889 1295 sed
910 1238 1002 1296 etiam

107 1339 265 1398 confidere
299 1345 382 1397 civos
411 1348 540 1414 possent
570 1349 618 1398 sui
647 1340 741 1398 tolem
770 1358 839 1398 eum
868 1340 1002 1398 futorum
1039 1357 1052 1410 5

107 1442 229 1518 quolem
245 1441 402 1518 cognitum
418 1441 600 1514 iodicorunt,
618 1442 731 1501 accidit
747 1452 780 1502 ut
796 1443 1002 1502 Athenienses

71 1554 88 1604 2
107 1546 337 1605 Chersonosum
354 1544 482 1603 colonos
497 1545 611 1604 vellent
627 1545 756 1604 mittere.
803 1546 898 1605 Coius
913 1565 1003 1623 gene

106 1649 147 1706 ris
170 1667 240 1706 cum
259 1655 389 1724 mognus
410 1666 553 1706 numerus
574 1658 657 1706 esset
677 1657 708 1707 et
726 1649 813 1707 multi
829 1649 895 1707 eius
911 1649 1002 1708 demi-

105 1750 255 1828 grationis
270 1759 412 1825 peterent
427 1750 615 1822 societatem,
630 1770 667 1808 ex
682 1751 719 1810 its
736 1752 846 1810 delecti
863 1752 1002 1828 Delphos

106 1855 310 1913 deliberatum
330 1861 417 1911 missi
437 1863 517 1924 sunt,
535 1863 587 1929 qui
603 1854 799 1912 consulerent
815 1855 1000 1930 Apollinem,
1022 1881 1052 1916 10

107 1964 168 2032 quo
200 1956 394 2033 potissimum
431 1956 509 2014 duce
541 1965 706 2015 oterentur.
766 1959 908 2032 Namque
937 1967 1001 2016 tum

105 2060 244 2119 Thraces
266 2068 319 2118 eos
341 2058 482 2135 regiones
505 2060 662 2132 tenebant,
683 2079 752 2117 cum
776 2059 887 2135 quibus
910 2069 1001 2118 armis

71 2167 170 2222 serat
197 2162 416 2221 dimicandum.
472 2163 533 2220 His
557 2163 791 2222 consulentibus
820 2163 1001 2223 nominatim

106 2265 216 2344 Pythia
245 2264 403 2342 praecepit
432 2274 466 2323 ut
496 2265 670 2324 Miltiadem
698 2266 912 2342 imperatorem
942 2266 1001 2325 sibi

105 2377 278 2427 sumerent:
302 2366 334 2426 id
355 2377 381 2426 si
398 2367 555 2440 fecissent,
575 2368 699 2444 incepta
720 2376 868 2445 prospera
888 2370 999 2428 tutora.
1022 2391 1051 2444 15

72 2471 88 2520 4
106 2473 178 2531 Hoc
199 2471 316 2532 oroculi
335 2478 486 2548 responso
506 2471 665 2531 Miltiades
683 2491 753 2530 cum
772 2473 892 2531 delecto
910 2483 1002 2531 mano

105 2575 204 2634 classe
218 2574 447 2634 Chersonesum
461 2574 619 2651 proiectus
634 2593 703 2632 cum
716 2575 899 2633 accessisset
915 2577 1002 2634 Lem-

105 2697 178 2735 num
193 2687 224 2737 et
240 2677 358 2736 incolas
373 2677 439 2735 eius
455 2677 573 2735 insulae
590 2677 647 2736 sub
662 2686 848 2753 potestatem
863 2678 1001 2755 redigere

105 2781 197 2840 vellet
213 2779 459 2851 Atheniensium,
476 2779 569 2856 idque
586 2780 706 2838 Lemnii
725 2789 781 2839 suo
796 2790 907 2856 sponte
921 2780 1001 2839 tace-

74 2887 89 2936 5
105 2893 172 2942 rent
187 2883 385 2960 postulasset,
403 2882 447 2940 illi
463 2882 631 2942 inridentos
650 2884 875 2958 responderunt
891 2893 954 2942 tum
970 2884 1001 2942 id
1020 2909 1051 2944 20

106 2993 138 3045 se
149 2987 285 3045 facturos
301 3005 370 3044 cum
383 2985 433 3044 ille
446 2986 538 3044 domo
551 2986 682 3044 novibus
694 2987 893 3062 proficiscens
908 2994 1001 3046 vento

147 3159 160 3193 2
180 3144 297 3209 generis,
325 3143 482 3208 gentis-8
503 3144 720 3209 dsmlgritionis,
745 3145 960 3209 profectionis-
973 3159 1001 3195 10

106 3228 292 3292 demeritum,
321 3234 460 3291 quaestum.
470 3255 501 3262 -
516 3241 544 3290 13
564 3228 757 3292 dimicandum,
777 3229 1002 3289 primmdum.-

108 3323 134 3372 17
148 3310 317 3376 accessisset,
325 3313 530 3373 pervenisset-
539 3324 570 3372 19
581 3312 630 3361 suti
642 3312 748 3375 sponte,
762 3312 837 3358 ultra
