2434 3720
424 257 658 306 ALcmmnEs.
694 270 715 322 5·
730 257 752 306 6.
1009 255 1042 308 ss

137 425 329 502 locupletata
351 424 493 496 exercitii,
515 423 656 483 maximis
677 425 769 483 rabus
790 433 886 501 gestis
900 425 1042 484 Athenas

138 536 300 588 venerunt.
1078 601 1090 618 „

95 626 125 686 6
186 633 246 692 His
276 650 345 690 cum
374 629 501 689 obviam.
526 630 669 689 universa
698 629 806 690 civitas
835 630 866 688 in
900 632 1042 689 Piraeum

138 734 363 806 descendisset,
381 741 467 792 tanta
481 732 541 791 ruit
559 733 695 792 omnium
716 733 907 809 exspectati&
922 733 1042 791 visendi

138 837 323 909 Alcibiadis,
347 843 381 896 ut
403 837 442 894 ad
464 836 529 894 aius
558 836 711 895 tritamem
734 837 840 913 volgus
873 835 1042 895 canfluer'et
1078 851 1091 903 5

98 940 270 1018 2pr0inde
293 949 330 999 ac
352 948 377 998 si
400 939 484 998 salus
506 939 691 997 advenisset.
738 941 787 998 Sic
817 939 898 997 enim
927 938 1042 1015 popula

137 1053 208 1103 erat
224 1051 405 1119 persuasum
420 1051 451 1100 et
467 1041 613 1100 adversas
629 1041 802 1118 superiaras
818 1051 848 1101 et
863 1049 1041 1119 praesentas

138 1145 296 1206 secundas
309 1153 357 1204 res
369 1144 519 1204 accidisse
530 1144 595 1203 aius
607 1153 709 1220 opera.
743 1148 852 1220 ltaque
864 1154 896 1203 et
908 1144 1049 1210 Siciliamv

137 1257 287 1309 amissam
303 1258 334 1308 et
349 1247 664 1306 Lacedaemoniarum
679 1248 824 1308 victarias
839 1248 946 1324 culpae
967 1266 1041 1306 suae

137 1351 328 1424 tribuebant,
346 1351 429 1427 quod
444 1351 535 1408 talem
551 1350 648 1408 virum
664 1358 680 1408 a
701 1350 823 1410 civitate
844 1350 1040 1427 expulissent.
1063 1369 1092 1403 10

139 1457 253 1532 Neque
277 1454 309 1513 id
338 1453 404 1512 sine
434 1463 528 1512 causa
558 1453 696 1512 arbitrari
726 1453 915 1512 videbantur.
962 1455 1042 1512 Nam

137 1568 307 1635 postquam
329 1555 476 1616 exercitui
496 1575 640 1632 praeesse
662 1567 814 1632 coeperat,
838 1575 939 1632 neque
961 1565 1042 1615 terra

100 1675 120 1726 3
138 1680 243 1738 neque
258 1669 335 1718 mari
349 1660 455 1718 hostes
470 1667 559 1735 paris
580 1678 649 1718 esse
668 1668 839 1734 potuerant.
885 1661 948 1717 Hic
972 1668 1006 1717 ut
1025 1667 1042 1718 a

139 1773 214 1823 navi
233 1771 374 1840 agressus
390 1772 445 1834 est,
463 1782 648 1838 quamquam
664 1763 873 1822 Theramenes
894 1772 926 1821 at
949 1763 1042 1820 Thra-

139 1867 269 1946 sybulus
285 1865 394 1924 iisdem
410 1865 501 1924 rebus
517 1866 713 1942 praefuerant
729 1865 879 1941 simulque
895 1873 1043 1924 venerant
1063 1883 1091 1935 15

140 1971 173 2028 in
205 1972 356 2041 Piraeum,
375 1978 478 2027 tamen
508 1979 601 2027 imum
630 1978 737 2029 omnes
766 1971 850 2028 illum
879 1979 1042 2047 prasequa-

139 2075 264 2145 bantur,
281 2081 322 2144 et,
337 2071 372 2130 id·
386 2071 467 2147 quod
484 2092 650 2148 numquam
667 2082 758 2132 antea
774 2083 830 2132 usu
841 2082 968 2132 venerat
983 2075 1042 2132 nisi

141 2175 304 2254 Olympiae
317 2174 492 2245 victaribus
507 2183 628 2234 corariis
644 2177 756 2234 laureis
768 2178 940 2253 taeniisque
953 2179 1042 2254 vulga

141 2279 326 2339 danabatur.
369 2279 435 2336 'Ille
468 2277 631 2337 lacrimans
668 2279 759 2338 talem
795 2280 1042 2339 benevolentiam

140 2382 255 2442 civium
271 2389 395 2442 suarum
412 2380 590 2457 accipiebat,
610 2381 810 2441 reminiscens
830 2382 950 2459 pristini
971 2394 1043 2442 tem·
1062 2397 1093 2431 20

104 2505 125 2554 4
141 2485 226 2562 poris
239 2485 447 2543 acerbitatem.
493 2486 660 2560 Postquam
673 2484 704 2542 in
714 2495 783 2544 astu
793 2486 884 2557 venit,
899 2486 1042 2545 cantione

143 2589 296 2647 advocata
319 2596 363 2645 sic
379 2587 473 2645 verba
494 2587 568 2645 facit
594 2598 627 2646 ut
649 2595 739 2647 nami>
761 2590 824 2646 tam
845 2590 929 2647 ierus
951 2588 1043 2648 fuerit

144 2700 218 2768 quin
244 2690 311 2749 eius
337 2698 423 2748 casui
452 2689 648 2748 inlacrimarit
678 2690 895 2768 inimicumque
934 2691 971 2750 iis
1010 2701 1043 2751 se

144 2793 315 2853 ostenderit
341 2799 468 2868 quarum
487 2801 580 2868 opera
603 2793 702 2869 patria
724 2795 829 2870 pulsus
851 2795 960 2866 iuerat,
978 2815 1043 2871 pra

145 2896 215 2956 inde
231 2905 269 2956 ac
285 2904 311 2954 si
327 2895 403 2954 alius
421 2896 560 2972 populus,
579 2903 640 2954 nan
654 2896 703 2954 ille
716 2896 782 2973 ipse
795 2907 847 2973 qui
859 2908 924 2956 tum
936 2898 1038 2969 flabat,
1060 2909 1091 2961 25

109 3012 129 3062 5
145 3017 214 3058 eum
230 2997 370 3074 sacrilegi
386 2998 571 3057 damnasset.
617 2999 771 3057 Restituta
787 3007 860 3077 erga
880 2998 951 3058 huic
972 3010 1044 3059 sunt

186 3167 202 3213 4
219 3151 336 3216 visendi,
354 3153 533 3216 m'denaa-5
553 3151 704 3216 eliminaret,
724 3159 872 3201 conveniret.
882 3151 941 3200 -6
958 3154 1042 3218 salus,

146 3241 265 3284 anun-
279 3247 309 3297 19
337 3233 492 3292 lacrimans,
514 3235 637 3297 flana—
650 3248 681 3282 20
709 3235 831 3300 pristini,
854 3235 1045 3296 superaris.-

147 3331 178 3366 22
194 3316 279 3382 ferna,
291 3318 410 3365 cride'lis.
419 3344 453 3352 —
463 3316 494 3365 26
511 3319 583 3381 eigs),
596 3319 684 3380 igitur,
