2434 3720
427 235 648 289 PAUSANIAS.
685 248 706 286 2.
982 230 1013 284 21

82 393 104 454 2
159 408 236 466 Post
250 387 448 482 id'proelium
464 407 597 465 eundem
616 405 800 464 Pausaniam
823 424 892 463 cum
915 404 1014 462 classe

116 518 272 568 communi
289 511 423 587 Cyprum
439 518 531 585 atque
551 509 790 584 Hellespontum
808 514 965 578 miserunt,
981 514 1016 564 ut

116 632 154 670 ex
167 612 217 670 his
238 611 415 688 regionibus
438 613 638 672 barbarorum
659 610 815 687 praesidia
837 609 1013 686 depelleret.
1117 650 1122 660 .

81 724 99 774 2
117 717 188 772 Pari
202 714 351 773 felicitate
367 714 398 772 in
414 723 451 773 ea
467 722 498 773 re
515 725 588 773 usus
604 713 714 773 eletiu's
730 721 763 772 se
783 731 888 790 gerere
912 710 1016 786 coepit

115 817 311 893 maioresque
348 828 492 892 appetere
529 825 587 876 res,
643 819 724 874 Nam
760 835 830 874 cum
867 813 1015 893 Byzantie
1050 826 1064 880 5

116 927 293 996 expugnato
329 919 463 995 cepisset
498 920 670 995 complures
705 920 866 977 Persarum
894 916 1014 976 nebiles

116 1031 211 1098 atque
234 1022 265 1080 in
288 1021 325 1080 iis
348 1022 513 1081 nennullos
535 1021 616 1099 regis
638 1029 836 1098 propinques,
857 1020 913 1078 hes
936 1020 1015 1078 clam

116 1127 213 1183 Xerxi
228 1125 353 1196 remisit,
368 1125 517 1184 simulans
533 1144 570 1183 ex
582 1124 692 1183 vinclis
708 1123 838 1201 publicis
859 1122 1013 1200 effugisse,

71 1267 73 1270 -
116 1238 233 1286 etcum
249 1228 286 1286 iis
307 1228 482 1306 Gongylum
506 1227 719 1299 Eretriensem,
738 1235 790 1302 qui
812 1226 929 1284 litteras
951 1232 1015 1303 regi

116 1332 269 1403 redderet,
286 1331 317 1388 in
339 1331 451 1406 quibu's
472 1331 549 1389 haec
568 1331 666 1389 fuisse
686 1338 801 1406 scripta
817 1328 1014 1407 Thucydides
1035 1349 1065 1384 10

79 1435 98 1485 3
115 1434 283 1492 memoriae
299 1433 435 1509 prodidit
451 1457 458 1492 :
489 1440 507 1467 “
517 1433 697 1505 Pausanias
710 1433 773 1491 dux
786 1434 923 1508 Spartae,
937 1439 1015 1508 ques

115 1540 248 1616 Byzanti
258 1543 390 1613 ceperat,
401 1546 566 1613 postquam
575 1544 766 1613 propinques
779 1543 848 1595 tues
861 1534 1014 1612 cegnovit,

115 1640 174 1699 tibi
195 1649 314 1698 muneri
335 1640 419 1698 misit
442 1647 537 1716 seque
560 1647 661 1698 tecum
684 1639 846 1699 adfinitate
870 1637 1016 1715 coniungi

115 1743 225 1819 cupit:
256 1751 359 1818 quare,
384 1751 411 1800 si
436 1742 493 1801 tibi
515 1743 644 1815 videtur,
672 1743 727 1801 des
753 1751 782 1800 ei
806 1741 902 1799 filiam
931 1751 1016 1800 tuam

79 1851 96 1899 4
109 1855 257 1922 nuptum.
302 1847 340 1904 Id
355 1855 381 1904 si
395 1845 514 1917 feceris,
529 1854 559 1904 et
576 1847 717 1921 Spartam
732 1855 764 1903 et
778 1851 911 1903 ceteram
923 1845 1016 1902 Grae·
1035 1856 1065 1910 15

116 1949 198 2007 ciam
214 1950 272 2007 sub
287 1957 372 2006 tuam
387 1957 573 2025 potestatem
590 1956 634 2020 se,
646 1948 812 2007 adiuvante
827 1955 866 2020 te,
879 1947 1016 2006 redectu·

115 2070 184 2110 rum
199 2051 369 2127 pollicetur.
416 2053 476 2110 His
491 2052 530 2110 de
545 2052 637 2110 rebus
658 2060 684 2109 si
700 2051 774 2127 quid
793 2058 858 2127 geri
872 2049 1014 2123 volueris,

116 2164 236 2214 certum
264 2153 421 2213 hominem
450 2156 490 2213 ad
519 2173 588 2212 eum
617 2153 721 2212 mittes
750 2141 827 2225 ¹face,
855 2173 924 2211 cum
955 2161 1016 2229 que

79 2258 353 2333 5c0nloquetur.'’
399 2259 466 2315 Rex
491 2266 538 2315 tot
564 2257 721 2315 hominum
745 2257 842 2314 salute
869 2266 931 2314 tam
957 2255 1017 2314 sibi

116 2359 364 2420 necessariorum
379 2368 491 2437 magne
507 2378 598 2436 opere
616 2369 742 2436 gevisus
763 2358 926 2418 censestim
947 2377 1016 2416 cum
1035 2374 1066 2410 20

117 2463 253 2540 epistula
277 2464 466 2522 Artabazum
492 2464 532 2521 ad
558 2463 743 2522 Pausaniam
768 2461 870 2535 mittit,
896 2462 928 2520 in
955 2471 1016 2538 que

117 2587 187 2626 eum
204 2567 378 2639 conlaudat,
394 2566 480 2642 petit,
498 2565 602 2624 necui
622 2575 666 2624 rei
687 2575 795 2641 parcat
818 2565 856 2623 ad
873 2585 909 2624 ea
926 2565 1016 2624 effici·

117 2670 200 2728 enda
216 2688 295 2745 quae
311 2669 493 2746 pollicetur:
517 2677 543 2727 si
566 2668 736 2746 perfecerit,
756 2667 867 2726 nullius
883 2677 926 2726 rei
947 2677 965 2727 a
984 2676 1017 2728 se

81 2773 273 2849 erepulsam
303 2772 442 2831 leturum.
511 2771 614 2830 Huius
652 2771 821 2830 Pausanies
858 2771 1018 2830 voluntete

118 2875 244 2953 cegnita
259 2874 388 2933 alacrior
403 2875 444 2932 ad
459 2893 522 2933 rem
537 2875 706 2951 gerendam
716 2874 817 2932 iactus
828 2872 859 2931 in
872 2873 1018 2950 suspicis>
1037 2888 1068 2941 25

160 3059 173 3107 7
193 3045 370 3110 propinques,
390 3047 548 3093 necessarios.
561 3071 595 3080 -
609 3058 637 3092 12
657 3043 791 3109 riguerit,
811 3045 929 3106 repperit.
941 3071 974 3080 -
988 3057 1016 3106 17

119 3133 271 3198 pollicetur,
291 3133 439 3194 promittit‚·
465 3131 531 3196 geri,
548 3131 619 3194 fieri.
631 3159 665 3167 —
680 3145 711 3179 20
729 3132 826 3194 migne
844 3142 932 3195 opere,
951 3131 1019 3179 vehe-

120 3227 224 3268 menter.
233 3247 268 3255 -
276 3217 431 3283 confestim,
443 3221 536 3266 statim.
549 3243 551 3249 v
