<?xml version="1.0" encoding="UTF-8"?>
<!DOCTYPE html PUBLIC "-//W3C//DTD XHTML 1.0 Transitional//EN"
    "http://www.w3.org/TR/xhtml1/DTD/xhtml1-transitional.dtd">
<html xmlns="http://www.w3.org/1999/xhtml" xml:lang="en" lang="en">
 <head>
  <title>
</title>
<meta http-equiv="Content-Type" content="text/html;charset=utf-8" />
  <meta name='ocr-system' content='tesseract 3.04.00' />
  <meta name='ocr-capabilities' content='ocr_page ocr_carea ocr_par ocr_line ocrx_word'/>
</head>
<body>
  <div class='ocr_page' id='page_1' title='image "./selectedlivesfr00nepogoog_0037.png"; bbox 0 0 2434 3720; ppageno 0'>
   <div class='ocr_carea' id='block_1_1' title="bbox 167 209 798 264">
    <p class='ocr_par' dir='ltr' id='par_1_1' title="bbox 167 209 798 264">
     <span class='ocr_line' id='line_1_1' title="bbox 167 209 798 264; baseline 0.006 -4"><span class='ocrx_word' id='word_1_1' title='bbox 167 209 203 260; x_wconf 90' lang='lat'>10</span> <span class='ocrx_word' id='word_1_2' title='bbox 441 213 738 264; x_wconf 87' lang='lat' dir='ltr'>THEMISTOCLES.</span> <span class='ocrx_word' id='word_1_3' title='bbox 773 227 798 263; x_wconf 84' lang='lat'>2.</span> 
     </span>
    </p>
   </div>
   <div class='ocr_carea' id='block_1_2' title="bbox 130 377 1125 3019">
    <p class='ocr_par' dir='ltr' id='par_1_2' title="bbox 130 377 1125 2812">
     <span class='ocr_line' id='line_1_2' title="bbox 130 377 1077 460; baseline 0.002 -24"><span class='ocrx_word' id='word_1_4' title='bbox 130 377 154 436; x_wconf 84' lang='lat'><strong>2</strong></span> <span class='ocrx_word' id='word_1_5' title='bbox 210 379 332 440; x_wconf 82' lang='lat' dir='ltr'>Primus</span> <span class='ocrx_word' id='word_1_6' title='bbox 342 390 446 441; x_wconf 88' lang='lat' dir='ltr'>autem</span> <span class='ocrx_word' id='word_1_7' title='bbox 454 383 568 460; x_wconf 89' lang='lat' dir='ltr'>gradus</span> <span class='ocrx_word' id='word_1_8' title='bbox 577 381 636 441; x_wconf 86' lang='lat' dir='ltr'>fuit</span> <span class='ocrx_word' id='word_1_9' title='bbox 647 381 858 459; x_wconf 86' lang='lat' dir='ltr'>capessendae</span> <span class='ocrx_word' id='word_1_10' title='bbox 870 388 914 440; x_wconf 85' lang='lat' dir='ltr'>rei</span> <span class='ocrx_word' id='word_1_11' title='bbox 925 378 1077 456; x_wconf 81' lang='lat' dir='ltr'>publicae</span> 
     </span>
     <span class='ocr_line' id='line_1_3' title="bbox 169 479 1075 564; baseline 0 -24"><span class='ocrx_word' id='word_1_12' title='bbox 169 479 252 541; x_wconf 76' lang='lat' dir='ltr'>belle</span> <span class='ocrx_word' id='word_1_13' title='bbox 282 484 475 564; x_wconf 71' lang='lat' dir='ltr'>Corcyraee:</span> <span class='ocrx_word' id='word_1_14' title='bbox 513 486 552 545; x_wconf 89' lang='lat' dir='ltr'>ad</span> <span class='ocrx_word' id='word_1_15' title='bbox 583 486 666 561; x_wconf 94' lang='lat' dir='ltr'>quod</span> <span class='ocrx_word' id='word_1_16' title='bbox 698 483 867 562; x_wconf 87' lang='lat' dir='ltr'>gerendum</span> <span class='ocrx_word' id='word_1_17' title='bbox 896 491 1023 559; x_wconf 90' lang='lat' dir='ltr'>praetor</span> <span class='ocrx_word' id='word_1_18' title='bbox 1053 491 1075 540; x_wconf 75' lang='lat' dir='ltr'>a&#39;t</span> 
     </span>
     <span class='ocr_line' id='line_1_4' title="bbox 168 583 1075 663; baseline -0.001 -22"><span class='ocrx_word' id='word_1_19' title='bbox 168 583 285 660; x_wconf 79' lang='lat' dir='ltr'>popule</span> <span class='ocrx_word' id='word_1_20' title='bbox 299 585 401 645; x_wconf 80' lang='lat' dir='ltr'>iactus</span> <span class='ocrx_word' id='word_1_21' title='bbox 417 594 480 646; x_wconf 78' lang='lat' dir='ltr'>nen</span> <span class='ocrx_word' id='word_1_22' title='bbox 496 587 595 646; x_wconf 80' lang='lat' dir='ltr'>selum</span> <span class='ocrx_word' id='word_1_23' title='bbox 610 596 766 663; x_wconf 84' lang='lat' dir='ltr'>praesenti</span> <span class='ocrx_word' id='word_1_24' title='bbox 788 585 879 657; x_wconf 79' lang='lat' dir='ltr'>belle,</span> <span class='ocrx_word' id='word_1_25' title='bbox 896 585 953 644; x_wconf 92' lang='lat' dir='ltr'>sed</span> <span class='ocrx_word' id='word_1_26' title='bbox 976 585 1075 643; x_wconf 88' lang='lat' dir='ltr'>etiam</span> 
     </span>
     <span class='ocr_line' id='line_1_5' title="bbox 135 686 1073 765; baseline 0.001 -23"><span class='ocrx_word' id='word_1_27' title='bbox 135 689 153 742; x_wconf 84' lang='lat'>2</span> <span class='ocrx_word' id='word_1_28' title='bbox 169 686 288 762; x_wconf 80' lang='lat' dir='ltr'>relique</span> <span class='ocrx_word' id='word_1_29' title='bbox 303 696 440 765; x_wconf 91' lang='lat' dir='ltr'>tempore</span> <span class='ocrx_word' id='word_1_30' title='bbox 455 689 637 748; x_wconf 79' lang='lat' dir='ltr'>ferecierern</span> <span class='ocrx_word' id='word_1_31' title='bbox 652 688 787 750; x_wconf 87' lang='lat' dir='ltr'>reddidit</span> <span class='ocrx_word' id='word_1_32' title='bbox 802 687 968 747; x_wconf 63' lang='lat' dir='ltr'>civitatem.</span> <span class='ocrx_word' id='word_1_33' title='bbox 989 689 1073 744; x_wconf 89' lang='lat' dir='ltr'>Nam</span> 
     </span>
     <span class='ocr_line' id='line_1_6' title="bbox 170 789 1125 868; baseline 0 -22"><span class='ocrx_word' id='word_1_34' title='bbox 170 807 240 847; x_wconf 92' lang='lat' dir='ltr'>cum</span> <span class='ocrx_word' id='word_1_35' title='bbox 255 791 386 865; x_wconf 77' lang='lat' dir='ltr'>pecunia</span> <span class='ocrx_word' id='word_1_36' title='bbox 397 791 530 868; x_wconf 81' lang='lat' dir='ltr'>publica,</span> <span class='ocrx_word' id='word_1_37' title='bbox 544 811 624 868; x_wconf 90' lang='lat' dir='ltr'>quae</span> <span class='ocrx_word' id='word_1_38' title='bbox 640 811 677 850; x_wconf 89' lang='lat' dir='ltr'>ex</span> <span class='ocrx_word' id='word_1_39' title='bbox 692 791 823 850; x_wconf 85' lang='lat' dir='ltr'><strong>metallis</strong></span> <span class='ocrx_word' id='word_1_40' title='bbox 839 791 969 861; x_wconf 88' lang='lat' dir='ltr'>redibat,</span> <span class='ocrx_word' id='word_1_41' title='bbox 983 789 1073 866; x_wconf 88' lang='lat' dir='ltr'>largi·</span> <span class='ocrx_word' id='word_1_42' title='bbox 1112 802 1125 853; x_wconf 84' lang='lat'><strong>5</strong></span> 
     </span>
     <span class='ocr_line' id='line_1_7' title="bbox 169 891 1073 970; baseline -0.002 -20"><span class='ocrx_word' id='word_1_43' title='bbox 169 891 255 951; x_wconf 80' lang='lat' dir='ltr'>tiene</span> <span class='ocrx_word' id='word_1_44' title='bbox 286 893 520 970; x_wconf 59' lang='lat' dir='ltr'>magistratuum</span> <span class='ocrx_word' id='word_1_45' title='bbox 550 903 717 970; x_wconf 87' lang='lat' dir='ltr'><strong>quotannis</strong></span> <span class='ocrx_word' id='word_1_46' title='bbox 746 893 892 964; x_wconf 85' lang='lat' dir='ltr'>interiret,</span> <span class='ocrx_word' id='word_1_47' title='bbox 924 891 975 951; x_wconf 91' lang='lat' dir='ltr'>ille</span> <span class='ocrx_word' id='word_1_48' title='bbox 1005 910 1073 968; x_wconf 91' lang='lat' dir='ltr'>per-</span> 
     </span>
     <span class='ocr_line' id='line_1_8' title="bbox 170 994 1070 1073; baseline -0.002 -21"><span class='ocrx_word' id='word_1_49' title='bbox 170 994 270 1053; x_wconf 77' lang='lat' dir='ltr'>suesit</span> <span class='ocrx_word' id='word_1_50' title='bbox 285 997 400 1072; x_wconf 80' lang='lat' dir='ltr'>popule</span> <span class='ocrx_word' id='word_1_51' title='bbox 416 1005 449 1054; x_wconf 92' lang='lat' dir='ltr'>ut</span> <span class='ocrx_word' id='word_1_52' title='bbox 464 1005 501 1056; x_wconf 76' lang='lat' dir='ltr'>ee</span> <span class='ocrx_word' id='word_1_53' title='bbox 517 996 649 1073; x_wconf 75' lang='lat' dir='ltr'>pecunie</span> <span class='ocrx_word' id='word_1_54' title='bbox 672 996 781 1055; x_wconf 90' lang='lat' dir='ltr'>classis</span> <span class='ocrx_word' id='word_1_55' title='bbox 805 1005 928 1055; x_wconf 90' lang='lat' dir='ltr'>centum</span> <span class='ocrx_word' id='word_1_56' title='bbox 945 994 1070 1054; x_wconf 69' lang='lat' dir='ltr'>nervium</span> 
     </span>
     <span class='ocr_line' id='line_1_9' title="bbox 136 1097 1071 1175; baseline 0 -22"><span class='ocrx_word' id='word_1_57' title='bbox 136 1102 153 1153; x_wconf 87' lang='grc'><strong>3</strong></span> <span class='ocrx_word' id='word_1_58' title='bbox 171 1097 392 1157; x_wconf 65' lang='lat' dir='ltr'>aedificaretur.</span> <span class='ocrx_word' id='word_1_59' title='bbox 437 1099 508 1173; x_wconf 75' lang='lat' dir='ltr'>Que</span> <span class='ocrx_word' id='word_1_60' title='bbox 523 1099 664 1158; x_wconf 85' lang='lat' dir='ltr'>celeriter</span> <span class='ocrx_word' id='word_1_61' title='bbox 685 1099 797 1158; x_wconf 75' lang='lat' dir='ltr'>effecte</span> <span class='ocrx_word' id='word_1_62' title='bbox 812 1107 944 1175; x_wconf 88' lang='lat' dir='ltr'>primum</span> <span class='ocrx_word' id='word_1_63' title='bbox 960 1099 1071 1175; x_wconf 75' lang='lat' dir='ltr'>Corcy-</span> 
     </span>
     <span class='ocr_line' id='line_1_10' title="bbox 170 1201 1069 1278; baseline 0 -21"><span class='ocrx_word' id='word_1_64' title='bbox 170 1207 260 1259; x_wconf 79' lang='lat' dir='ltr'>raees</span> <span class='ocrx_word' id='word_1_65' title='bbox 285 1201 385 1278; x_wconf 84' lang='lat' dir='ltr'>fregit,</span> <span class='ocrx_word' id='word_1_66' title='bbox 412 1201 526 1262; x_wconf 91' lang='lat' dir='ltr'>deinde</span> <span class='ocrx_word' id='word_1_67' title='bbox 550 1201 719 1261; x_wconf 65' lang='lat' dir='ltr'>maritimos</span> <span class='ocrx_word' id='word_1_68' title='bbox 745 1202 918 1278; x_wconf 80' lang='lat' dir='ltr'>praedenes</span> <span class='ocrx_word' id='word_1_69' title='bbox 945 1207 1069 1259; x_wconf 79' lang='lat' dir='ltr'>censec-</span> 
     </span>
     <span class='ocr_line' id='line_1_11' title="bbox 171 1301 1122 1380; baseline -0.003 -19"><span class='ocrx_word' id='word_1_70' title='bbox 171 1303 268 1362; x_wconf 78' lang='lat' dir='ltr'>tande</span> <span class='ocrx_word' id='word_1_71' title='bbox 292 1321 375 1361; x_wconf 89' lang='lat' dir='ltr'>mare</span> <span class='ocrx_word' id='word_1_72' title='bbox 399 1312 497 1362; x_wconf 77' lang='lat' dir='ltr'>tntum</span> <span class='ocrx_word' id='word_1_73' title='bbox 523 1302 668 1363; x_wconf 86' lang='lat' dir='ltr'>reddidit.</span> <span class='ocrx_word' id='word_1_74' title='bbox 714 1306 751 1362; x_wconf 92' lang='lat' dir='ltr'>ln</span> <span class='ocrx_word' id='word_1_75' title='bbox 776 1311 837 1380; x_wconf 79' lang='lat' dir='ltr'>que</span> <span class='ocrx_word' id='word_1_76' title='bbox 861 1322 931 1362; x_wconf 90' lang='lat' dir='ltr'>cum</span> <span class='ocrx_word' id='word_1_77' title='bbox 955 1301 1068 1362; x_wconf 86' lang='lat' dir='ltr'>divitiis</span> <span class='ocrx_word' id='word_1_78' title='bbox 1092 1319 1122 1353; x_wconf 91' lang='lat'>10</span> 
     </span>
     <span class='ocr_line' id='line_1_12' title="bbox 172 1403 1070 1482; baseline -0.003 -18"><span class='ocrx_word' id='word_1_79' title='bbox 172 1405 300 1478; x_wconf 75' lang='lat' dir='ltr'>ernevit,</span> <span class='ocrx_word' id='word_1_80' title='bbox 324 1415 389 1464; x_wconf 91' lang='lat' dir='ltr'>turn</span> <span class='ocrx_word' id='word_1_81' title='bbox 412 1406 504 1464; x_wconf 89' lang='lat' dir='ltr'>etiarn</span> <span class='ocrx_word' id='word_1_82' title='bbox 526 1407 730 1482; x_wconf 78' lang='lat' dir='ltr'>peritissimes</span> <span class='ocrx_word' id='word_1_83' title='bbox 755 1407 829 1465; x_wconf 88' lang='lat' dir='ltr'>belli</span> <span class='ocrx_word' id='word_1_84' title='bbox 851 1405 971 1465; x_wconf 71' lang='lat' dir='ltr'>nevelis</span> <span class='ocrx_word' id='word_1_85' title='bbox 996 1403 1070 1464; x_wconf 84' lang='lat' dir='ltr'>fecit</span> 
     </span>
     <span class='ocr_line' id='line_1_13' title="bbox 137 1507 1069 1585; baseline -0.003 -17"><span class='ocrx_word' id='word_1_86' title='bbox 137 1508 388 1568; x_wconf 81' lang='lat' dir='ltr'>4Athenienses</span> <span class='ocrx_word' id='word_1_87' title='bbox 435 1508 473 1567; x_wconf 93' lang='lat' dir='ltr'>ld</span> <span class='ocrx_word' id='word_1_88' title='bbox 503 1518 637 1585; x_wconf 90' lang='lat' dir='ltr'>quantae</span> <span class='ocrx_word' id='word_1_89' title='bbox 667 1509 758 1568; x_wconf 80' lang='lat' dir='ltr'>saluti</span> <span class='ocrx_word' id='word_1_90' title='bbox 786 1509 879 1566; x_wconf 82' lang='lat' dir='ltr'>fuerit</span> <span class='ocrx_word' id='word_1_91' title='bbox 908 1507 1069 1566; x_wconf 80' lang='lat' dir='ltr'>universae</span> 
     </span>
     <span class='ocr_line' id='line_1_14' title="bbox 172 1610 1069 1687; baseline -0.002 -18"><span class='ocrx_word' id='word_1_92' title='bbox 172 1611 331 1683; x_wconf 85' lang='lat' dir='ltr'>Graeciae,</span> <span class='ocrx_word' id='word_1_93' title='bbox 354 1610 437 1670; x_wconf 81' lang='lat' dir='ltr'>belle</span> <span class='ocrx_word' id='word_1_94' title='bbox 460 1611 617 1687; x_wconf 77' lang='lat' dir='ltr'>cegnitum</span> <span class='ocrx_word' id='word_1_95' title='bbox 640 1621 687 1670; x_wconf 90' lang='lat' dir='ltr'>est</span> <span class='ocrx_word' id='word_1_96' title='bbox 714 1610 847 1670; x_wconf 81' lang='lat' dir='ltr'>Persice.</span> <span class='ocrx_word' id='word_1_97' title='bbox 893 1613 975 1669; x_wconf 89' lang='lat' dir='ltr'>Nam</span> <span class='ocrx_word' id='word_1_98' title='bbox 1001 1628 1069 1668; x_wconf 90' lang='lat' dir='ltr'>cum</span> 
     </span>
     <span class='ocr_line' id='line_1_15' title="bbox 172 1713 1070 1773; baseline -0.003 -1"><span class='ocrx_word' id='word_1_99' title='bbox 172 1715 290 1773; x_wconf 79' lang='lat' dir='ltr'>Xerxes</span> <span class='ocrx_word' id='word_1_100' title='bbox 312 1724 343 1772; x_wconf 92' lang='lat' dir='ltr'>et</span> <span class='ocrx_word' id='word_1_101' title='bbox 365 1722 441 1772; x_wconf 87' lang='lat' dir='ltr'>mari</span> <span class='ocrx_word' id='word_1_102' title='bbox 464 1723 495 1771; x_wconf 91' lang='lat' dir='ltr'>et</span> <span class='ocrx_word' id='word_1_103' title='bbox 517 1722 598 1772; x_wconf 76' lang='lat' dir='ltr'>terre</span> <span class='ocrx_word' id='word_1_104' title='bbox 620 1714 735 1772; x_wconf 89' lang='lat' dir='ltr'>bellum</span> <span class='ocrx_word' id='word_1_105' title='bbox 757 1713 918 1773; x_wconf 81' lang='lat' dir='ltr'>universae</span> <span class='ocrx_word' id='word_1_106' title='bbox 943 1715 1070 1772; x_wconf 85' lang='lat' dir='ltr'>inferret</span> 
     </span>
     <span class='ocr_line' id='line_1_16' title="bbox 174 1815 1117 1893; baseline -0.002 -18"><span class='ocrx_word' id='word_1_107' title='bbox 174 1819 313 1893; x_wconf 78' lang='lat' dir='ltr'>Eurepae</span> <span class='ocrx_word' id='word_1_108' title='bbox 330 1835 399 1875; x_wconf 91' lang='lat' dir='ltr'>cum</span> <span class='ocrx_word' id='word_1_109' title='bbox 415 1825 510 1875; x_wconf 87' lang='lat' dir='ltr'>tantis</span> <span class='ocrx_word' id='word_1_110' title='bbox 528 1815 624 1891; x_wconf 76' lang='lat' dir='ltr'>cepiis</span> <span class='ocrx_word' id='word_1_111' title='bbox 641 1826 773 1892; x_wconf 75' lang='lat' dir='ltr'>quantes</span> <span class='ocrx_word' id='word_1_112' title='bbox 795 1836 897 1893; x_wconf 89' lang='lat' dir='ltr'>neque</span> <span class='ocrx_word' id='word_1_113' title='bbox 919 1827 992 1876; x_wconf 89' lang='lat' dir='ltr'>ante</span> <span class='ocrx_word' id='word_1_114' title='bbox 1012 1834 1069 1874; x_wconf 89' lang='lat' dir='ltr'>nec</span> <span class='ocrx_word' id='word_1_115' title='bbox 1087 1832 1117 1884; x_wconf 84' lang='lat'>15</span> 
     </span>
     <span class='ocr_line' id='line_1_17' title="bbox 137 1918 1069 1997; baseline -0.006 -16"><span class='ocrx_word' id='word_1_116' title='bbox 137 1929 282 1997; x_wconf 72' lang='lat' dir='ltr'>5p0stee</span> <span class='ocrx_word' id='word_1_117' title='bbox 302 1919 411 1978; x_wconf 90' lang='lat' dir='ltr'>habuit</span> <span class='ocrx_word' id='word_1_118' title='bbox 434 1918 614 1995; x_wconf 87' lang='lat' dir='ltr'>quisquam:</span> <span class='ocrx_word' id='word_1_119' title='bbox 638 1918 728 1978; x_wconf 81' lang='lat' dir='ltr'>huius</span> <span class='ocrx_word' id='word_1_120' title='bbox 751 1919 832 1977; x_wconf 88' lang='lat' dir='ltr'>enim</span> <span class='ocrx_word' id='word_1_121' title='bbox 855 1919 966 1979; x_wconf 90' lang='lat' dir='ltr'>classis</span> <span class='ocrx_word' id='word_1_122' title='bbox 989 1918 1069 1977; x_wconf 83' lang='lat' dir='ltr'>mille</span> 
     </span>
     <span class='ocr_line' id='line_1_18' title="bbox 172 2020 1069 2098; baseline -0.002 -17"><span class='ocrx_word' id='word_1_123' title='bbox 172 2032 203 2081; x_wconf 92' lang='lat' dir='ltr'>et</span> <span class='ocrx_word' id='word_1_124' title='bbox 228 2022 432 2080; x_wconf 61' lang='lat' dir='ltr'>ducentarum</span> <span class='ocrx_word' id='word_1_125' title='bbox 458 2021 582 2079; x_wconf 66' lang='lat' dir='ltr'>nervium</span> <span class='ocrx_word' id='word_1_126' title='bbox 611 2020 771 2096; x_wconf 76' lang='lat' dir='ltr'>longerum</span> <span class='ocrx_word' id='word_1_127' title='bbox 796 2020 864 2093; x_wconf 86' lang='lat' dir='ltr'>fuit,</span> <span class='ocrx_word' id='word_1_128' title='bbox 890 2041 984 2098; x_wconf 91' lang='lat' dir='ltr'>quarn</span> <span class='ocrx_word' id='word_1_129' title='bbox 1009 2023 1069 2080; x_wconf 94' lang='lat' dir='ltr'>duo</span> 
     </span>
     <span class='ocr_line' id='line_1_19' title="bbox 172 2123 1070 2196; baseline -0.002 -14"><span class='ocrx_word' id='word_1_130' title='bbox 172 2124 256 2182; x_wconf 87' lang='lat' dir='ltr'>milia</span> <span class='ocrx_word' id='word_1_131' title='bbox 288 2124 497 2183; x_wconf 63' lang='lat' dir='ltr'>onerariarum</span> <span class='ocrx_word' id='word_1_132' title='bbox 528 2123 746 2196; x_wconf 78' lang='lat' dir='ltr'>sequebantur,</span> <span class='ocrx_word' id='word_1_133' title='bbox 778 2131 938 2184; x_wconf 75' lang='lat' dir='ltr'>terrestres</span> <span class='ocrx_word' id='word_1_134' title='bbox 969 2134 1070 2183; x_wconf 87' lang='lat' dir='ltr'>autern</span> 
     </span>
     <span class='ocr_line' id='line_1_20' title="bbox 172 2224 1070 2303; baseline -0.002 -17"><span class='ocrx_word' id='word_1_135' title='bbox 172 2227 325 2286; x_wconf 77' lang='lat' dir='ltr'>exercitus</span> <span class='ocrx_word' id='word_1_136' title='bbox 355 2225 553 2302; x_wconf 87' lang='lat' dir='ltr'>septingenta</span> <span class='ocrx_word' id='word_1_137' title='bbox 584 2224 731 2300; x_wconf 91' lang='lat' dir='ltr'>pediturn,</span> <span class='ocrx_word' id='word_1_138' title='bbox 762 2225 899 2302; x_wconf 91' lang='lat' dir='ltr'>equitum</span> <span class='ocrx_word' id='word_1_139' title='bbox 930 2227 1070 2303; x_wconf 88' lang='lat' dir='ltr'>quadrin-</span> 
     </span>
     <span class='ocr_line' id='line_1_21' title="bbox 139 2326 1115 2406; baseline -0.002 -18"><span class='ocrx_word' id='word_1_140' title='bbox 139 2339 156 2388; x_wconf 85' lang='lat'><strong>6</strong></span> <span class='ocrx_word' id='word_1_141' title='bbox 172 2339 267 2406; x_wconf 90' lang='lat' dir='ltr'>genta</span> <span class='ocrx_word' id='word_1_142' title='bbox 282 2329 366 2387; x_wconf 86' lang='lat' dir='ltr'>milia</span> <span class='ocrx_word' id='word_1_143' title='bbox 380 2329 505 2386; x_wconf 85' lang='lat' dir='ltr'>fuerunt</span> <span class='ocrx_word' id='word_1_144' title='bbox 518 2326 676 2386; x_wconf 76' lang='lat' dir='ltr'>:—cr&#39;1ius</span> <span class='ocrx_word' id='word_1_145' title='bbox 693 2327 731 2386; x_wconf 93' lang='lat' dir='ltr'>de</span> <span class='ocrx_word' id='word_1_146' title='bbox 748 2329 882 2387; x_wconf 80' lang='lat' dir='ltr'>adventu</span> <span class='ocrx_word' id='word_1_147' title='bbox 902 2349 973 2388; x_wconf 92' lang='lat' dir='ltr'>cum</span> <span class='ocrx_word' id='word_1_148' title='bbox 990 2331 1070 2389; x_wconf 74' lang='lat' dir='ltr'>ferna</span> <span class='ocrx_word' id='word_1_149' title='bbox 1087 2345 1115 2379; x_wconf 87' lang='lat'>20</span> 
     </span>
     <span class='ocr_line' id='line_1_22' title="bbox 173 2428 1069 2504; baseline -0.002 -13"><span class='ocrx_word' id='word_1_150' title='bbox 173 2433 205 2490; x_wconf 94' lang='lat' dir='ltr'>in</span> <span class='ocrx_word' id='word_1_151' title='bbox 228 2432 390 2491; x_wconf 90' lang='lat' dir='ltr'>Graeciam</span> <span class='ocrx_word' id='word_1_152' title='bbox 414 2439 497 2489; x_wconf 89' lang='lat' dir='ltr'>esset</span> <span class='ocrx_word' id='word_1_153' title='bbox 518 2428 638 2504; x_wconf 83' lang='lat' dir='ltr'>perlata</span> <span class='ocrx_word' id='word_1_154' title='bbox 660 2438 691 2486; x_wconf 91' lang='lat' dir='ltr'>et</span> <span class='ocrx_word' id='word_1_155' title='bbox 711 2429 841 2490; x_wconf 76' lang='lat' dir='ltr'>maxime</span> <span class='ocrx_word' id='word_1_156' title='bbox 864 2432 1069 2492; x_wconf 84' lang='lat' dir='ltr'>Athenienses</span> 
     </span>
     <span class='ocr_line' id='line_1_23' title="bbox 173 2532 1069 2612; baseline -0.001 -19"><span class='ocrx_word' id='word_1_157' title='bbox 173 2544 238 2612; x_wconf 86' lang='lat' dir='ltr'>peti</span> <span class='ocrx_word' id='word_1_158' title='bbox 253 2535 429 2593; x_wconf 85' lang='lat' dir='ltr'>dicerentur</span> <span class='ocrx_word' id='word_1_159' title='bbox 444 2540 568 2607; x_wconf 88' lang='lat' dir='ltr'>propter</span> <span class='ocrx_word' id='word_1_160' title='bbox 583 2540 718 2606; x_wconf 84' lang='lat' dir='ltr'>pugnam</span> <span class='ocrx_word' id='word_1_161' title='bbox 735 2532 972 2607; x_wconf 80' lang='lat' dir='ltr'>Maratheniam‚</span> <span class='ocrx_word' id='word_1_162' title='bbox 986 2541 1069 2593; x_wconf 82' lang='lat' dir='ltr'>mise-</span> 
     </span>
     <span class='ocr_line' id='line_1_24' title="bbox 174 2631 1068 2712; baseline -0.001 -18"><span class='ocrx_word' id='word_1_163' title='bbox 174 2645 244 2694; x_wconf 91' lang='lat' dir='ltr'>runt</span> <span class='ocrx_word' id='word_1_164' title='bbox 261 2637 402 2712; x_wconf 77' lang='lat' dir='ltr'>Delphes</span> <span class='ocrx_word' id='word_1_165' title='bbox 418 2633 594 2692; x_wconf 78' lang='lat' dir='ltr'>censultum</span> <span class='ocrx_word' id='word_1_166' title='bbox 610 2631 758 2707; x_wconf 91' lang='lat' dir='ltr'>quidnam</span> <span class='ocrx_word' id='word_1_167' title='bbox 773 2634 912 2694; x_wconf 84' lang='lat' dir='ltr'>iacerent</span> <span class='ocrx_word' id='word_1_168' title='bbox 927 2637 966 2695; x_wconf 93' lang='lat' dir='ltr'>de</span> <span class='ocrx_word' id='word_1_169' title='bbox 982 2638 1068 2696; x_wconf 91' lang='lat' dir='ltr'>rebus</span> 
     </span>
     <span class='ocr_line' id='line_1_25' title="bbox 175 2732 1069 2812; baseline -0.004 -14"><span class='ocrx_word' id='word_1_170' title='bbox 175 2748 247 2798; x_wconf 78' lang='lat' dir='ltr'>suis</span> <span class='ocrx_word' id='word_1_171' title='bbox 281 2735 533 2797; x_wconf 86' lang='lat' dir='ltr'>Deliberantibus</span> <span class='ocrx_word' id='word_1_172' title='bbox 551 2732 660 2812; x_wconf 76' lang='lat' dir='ltr'>Pythia</span> <span class='ocrx_word' id='word_1_173' title='bbox 675 2735 835 2809; x_wconf 90' lang='lat' dir='ltr'>respondit</span> <span class='ocrx_word' id='word_1_174' title='bbox 858 2745 891 2794; x_wconf 94' lang='lat' dir='ltr'>ut</span> <span class='ocrx_word' id='word_1_175' title='bbox 911 2739 1069 2797; x_wconf 91' lang='lat' dir='ltr'>moenibus</span> 
     </span>
    </p>

    <p class='ocr_par' dir='ltr' id='par_1_3' title="bbox 139 2836 1111 3019">
     <span class='ocr_line' id='line_1_26' title="bbox 139 2836 1111 2919; baseline 0 -23"><span class='ocrx_word' id='word_1_176' title='bbox 139 2845 156 2896; x_wconf 82' lang='lat'><strong>7</strong></span> <span class='ocrx_word' id='word_1_177' title='bbox 174 2843 284 2919; x_wconf 83' lang='lat' dir='ltr'>ligneis</span> <span class='ocrx_word' id='word_1_178' title='bbox 300 2847 334 2898; x_wconf 92' lang='lat' dir='ltr'>se</span> <span class='ocrx_word' id='word_1_179' title='bbox 349 2845 512 2896; x_wconf 79' lang='lat' dir='ltr'>munirent.</span> <span class='ocrx_word' id='word_1_180' title='bbox 545 2836 582 2894; x_wconf 92' lang='lat' dir='ltr'>Id</span> <span class='ocrx_word' id='word_1_181' title='bbox 598 2842 780 2910; x_wconf 65' lang='lat' dir='ltr'>responsum</span> <span class='ocrx_word' id='word_1_182' title='bbox 797 2844 858 2911; x_wconf 79' lang='lat' dir='ltr'>que</span> <span class='ocrx_word' id='word_1_183' title='bbox 873 2839 989 2899; x_wconf 89' lang='lat' dir='ltr'>valeret</span> <span class='ocrx_word' id='word_1_184' title='bbox 1005 2858 1068 2898; x_wconf 90' lang='lat' dir='ltr'>cum</span> <span class='ocrx_word' id='word_1_185' title='bbox 1085 2853 1111 2906; x_wconf 80' lang='lat'>25</span> 
     </span>
     <span class='ocr_line' id='line_1_27' title="bbox 175 2936 1068 3019; baseline -0.003 -17"><span class='ocrx_word' id='word_1_186' title='bbox 175 2942 368 3019; x_wconf 88' lang='lat' dir='ltr'>intellegeret</span> <span class='ocrx_word' id='word_1_187' title='bbox 383 2945 483 3010; x_wconf 78' lang='lat' dir='ltr'>neme,</span> <span class='ocrx_word' id='word_1_188' title='bbox 498 2936 725 2996; x_wconf 89' lang='lat' dir='ltr'>Themistocles</span> <span class='ocrx_word' id='word_1_189' title='bbox 741 2939 895 3013; x_wconf 77' lang='lat' dir='ltr'>persuesit</span> <span class='ocrx_word' id='word_1_190' title='bbox 910 2942 1068 3001; x_wconf 80' lang='lat' dir='ltr'>censilium</span> 
     </span>
    </p>
   </div>
   <div class='ocr_carea' id='block_1_3' title="bbox 174 3085 1070 3321">
    <p class='ocr_par' dir='ltr' id='par_1_4' title="bbox 174 3085 1070 3321">
     <span class='ocr_line' id='line_1_28' title="bbox 218 3085 1070 3158; baseline 0 -14"><span class='ocrx_word' id='word_1_191' title='bbox 218 3109 228 3144; x_wconf 91' lang='lat'>1</span> <span class='ocrx_word' id='word_1_192' title='bbox 247 3093 438 3158; x_wconf 79' lang='lat' dir='ltr'>capessendae,</span> <span class='ocrx_word' id='word_1_193' title='bbox 451 3089 631 3150; x_wconf 77' lang='lat' dir='ltr'>suscipiendae.</span> <span class='ocrx_word' id='word_1_194' title='bbox 642 3101 699 3149; x_wconf 85' lang='lat'>——3</span> <span class='ocrx_word' id='word_1_195' title='bbox 716 3085 816 3154; x_wconf 77' lang='lat' dir='ltr'>iactus,</span> <span class='ocrx_word' id='word_1_196' title='bbox 830 3097 936 3139; x_wconf 73' lang='lat' dir='ltr'>creatus.</span> <span class='ocrx_word' id='word_1_197' title='bbox 946 3122 980 3130; x_wconf 91' lang='lat'><em>-</em></span> <span class='ocrx_word' id='word_1_198' title='bbox 991 3108 1021 3144; x_wconf 90' lang='lat' dir='ltr'>ro</span> <span class='ocrx_word' id='word_1_199' title='bbox 1035 3095 1070 3144; x_wconf 83' lang='lat' dir='ltr'>di·</span> 
     </span>
     <span class='ocr_line' id='line_1_29' title="bbox 174 3169 1069 3240; baseline -0.02 -12"><span class='ocrx_word' id='word_1_200' title='bbox 174 3177 263 3240; x_wconf 81' lang='lat' dir='ltr'>vitiis,</span> <span class='ocrx_word' id='word_1_201' title='bbox 280 3176 374 3237; x_wconf 82' lang='lat' dir='ltr'>opibus.</span> <span class='ocrx_word' id='word_1_202' title='bbox 384 3200 418 3208; x_wconf 89' lang='lat'><em>-</em></span> <span class='ocrx_word' id='word_1_203' title='bbox 429 3185 459 3233; x_wconf 89' lang='lat'>19</span> <span class='ocrx_word' id='word_1_204' title='bbox 471 3170 613 3234; x_wconf 72' lang='lat' dir='ltr'>exercitiis,</span> <span class='ocrx_word' id='word_1_205' title='bbox 630 3169 720 3229; x_wconf 66' lang='lat' dir='ltr'>capiat.</span> <span class='ocrx_word' id='word_1_206' title='bbox 730 3195 764 3203; x_wconf 86' lang='lat'><em>-</em></span> <span class='ocrx_word' id='word_1_207' title='bbox 774 3182 804 3232; x_wconf 84' lang='lat'>²3</span> <span class='ocrx_word' id='word_1_208' title='bbox 821 3173 984 3240; x_wconf 67' lang='lat' dir='ltr'>censultum,</span> <span class='ocrx_word' id='word_1_209' title='bbox 1000 3177 1069 3224; x_wconf 64' lang='lat' dir='ltr'>inm.</span> 
     </span>
     <span class='ocr_line' id='line_1_30' title="bbox 174 3250 831 3321; baseline -0.014 -14"><span class='ocrx_word' id='word_1_210' title='bbox 174 3264 301 3321; x_wconf 64' lang='lat' dir='ltr'>rogatum.</span> <span class='ocrx_word' id='word_1_211' title='bbox 309 3285 345 3294; x_wconf 92' lang='lat'>—-</span> <span class='ocrx_word' id='word_1_212' title='bbox 353 3269 386 3314; x_wconf 85' lang='lat'>24</span> <span class='ocrx_word' id='word_1_213' title='bbox 398 3251 622 3314; x_wconf 68' lang='lat' dir='ltr'>deliberantibus,</span> <span class='ocrx_word' id='word_1_214' title='bbox 636 3250 831 3298; x_wconf 70' lang='lat' dir='ltr'>censulcntibus.</span> 
     </span>
    </p>
   </div>
   <div class='ocr_carea' id='block_1_4' title="bbox 0 0 1222 3720">
    <p class='ocr_par' dir='ltr' id='par_1_5' title="bbox 0 0 1222 3720">
     <span class='ocr_line' id='line_1_31' title="bbox 0 0 1222 3720; baseline 0 12"><span class='ocrx_word' id='word_1_215' title='bbox 0 0 1222 3720; x_wconf 95' lang='lat' dir='ltr'> </span> 
     </span>
    </p>
   </div>
  </div>
 </body>
</html>
