2474 3718
203 230 235 280 72
503 229 710 278 naumann.
745 241 768 290 7,
780 227 804 278 a.

205 405 238 453 ut
257 396 338 453 enim
355 398 473 455 Romae
493 396 646 467 consulas,
665 405 710 454 sic
726 393 921 470 Karthagine
938 399 1093 470 quotannis

171 513 187 562 5
205 509 299 557 annui
315 500 380 558 bini
395 507 483 576 reges
499 499 692 558 creabantur.
738 500 776 555 In
792 505 829 556 eo
844 497 1023 573 magistrata
1036 503 1094 571 pari

206 601 365 677 diligentia
383 609 416 661 sa
437 600 597 660 Hannibal
618 600 759 678 praebuit
777 609 814 658 ac
832 600 932 658 luerat
957 599 988 656 in
1012 597 1093 656 bello.

206 707 348 780 Namque
367 704 469 763 effecit
494 723 531 762 ex
550 713 638 762 novis
650 703 856 780 ,vectigalibus
874 709 936 762 non
957 702 1053 760 solum
1068 709 1097 758 ut

206 817 289 865 esset
304 807 435 883 pecimia
448 825 526 883 quae
541 809 690 865 Romanis
707 825 744 864 ex
762 806 887 864 foedere
909 804 1095 880 penderetur,
1128 814 1139 866 5

207 909 375 968 sedetiam
397 920 574 985 superesset
598 927 677 984 quae
701 907 732 965 in
755 907 872 966 aerario
895 913 1096 982 reponeretur.

172 1017 189 1066 6
208 1012 340 1084 Deinde,
359 1014 401 1071 M.
420 1012 553 1071 Claudio
572 1013 606 1068 L.
626 1011 717 1070 Furio
735 1010 923 1078 consulibus,
946 1011 1044 1068 Roma
1065 1008 1099 1064 la-

206 1124 270 1192 gati
292 1115 517 1192 Karthaginem
538 1122 697 1174 vonorunt.
744 1115 813 1172 Hos
838 1112 999 1172 Hannibal
1020 1119 1098 1169 ratus

207 1228 254 1277 sui
270 1218 458 1295 exposcendi
473 1217 571 1294 gratia
587 1224 707 1290 missos,
724 1215 902 1293 priusquam
923 1215 961 1274 iis
979 1223 1099 1273 senatus

207 1322 338 1394 daretur,
357 1331 466 1381 navem
489 1320 631 1379 ascendit
653 1319 731 1377 clam
754 1329 848 1394 atque
871 1319 900 1375 in
926 1317 1042 1396 Syriam
1064 1316 1100 1374 ad
1116 1337 1143 1370 10

173 1424 397 1484 7Antiochum
421 1423 566 1500 profugit.
621 1423 690 1480 Hac
716 1429 748 1480 ro
774 1422 876 1498 palam
899 1421 985 1480 facta
1010 1423 1100 1480 Poeni

207 1534 302 1586 navas
319 1528 404 1599 duaS,
423 1546 500 1602 quae
519 1545 588 1584 eum
607 1525 914 1600 comprehenderent,
933 1532 960 1582 si
977 1531 1101 1600 possent

207 1637 364 1713 consequi,
379 1637 539 1702 miserunt;
561 1630 644 1688 bona
656 1627 722 1686 eius
733 1626 938 1703 publicarunt,
950 1628 1073 1685 domum
1084 1633 1101 1684 a

207 1734 416 1792 fundamentis
433 1731 628 1801 disiecerunt,
643 1731 743 1808 ipsum
759 1729 895 1788 exsulem
911 1729 1090 1788 iadicarunt.

170 1851 194 1910 8
249 1839 291 1894 At
305 1835 465 1894 Hannibal
478 1842 560 1892 anno
572 1833 663 1892 tertio
675 1841 840 1909 postquam
857 1832 951 1890 domo
967 1833 1102 1908 profuge·
1119 1848 1144 1900 15

207 1948 261 2010 rat,
277 1942 310 1997 L.
323 1938 469 1999 Cornelio
482 1938 519 2010 Q.
534 1936 672 1995 Minucio
685 1934 874 2006 consulibus,
886 1953 957 1992 cum
970 1943 1102 2014 quinque

207 2042 338 2101 navibus
360 2033 496 2099 hiricam
519 2039 651 2098 accessit
672 2039 703 2097 in
725 2040 842 2098 finibus
868 2042 1101 2119 Cyrenaeorum,

207 2155 233 2202 si
259 2145 337 2204 forte
363 2142 640 2220 Karthaginienses
668 2143 707 2200 ad
737 2143 851 2201 bellum
876 2144 1027 2203 Antiochi
1052 2149 1103 2220 spo

206 2248 382 2323 lidociaque
413 2247 636 2315 indacerentur,
665 2245 713 2303 cui
749 2245 809 2304 iam
843 2256 1043 2322 persuaserat
1074 2255 1105 2303 ut

207 2371 276 2410 eum
300 2351 483 2409 exercitibus
510 2350 540 2407 in
569 2338 691 2408 ltaliam
721 2350 975 2426 proficiscerotur.
1037 2352 1105 2409 Hoc
1121 2363 1147 2398 20

173 2457 377 2530 2Magonem
400 2454 525 2512 fratrem
552 2452 671 2511 excivit.
718 2452 755 2510 Id
779 2453 831 2510 ubi
857 2435 954 2512 Poeni
981 2459 1104 2512 rescivo

207 2567 286 2629 runt,
302 2560 468 2632 Magonem
485 2556 593 2613 eadem
611 2565 671 2632 qua
694 2557 819 2615 fratrem
841 2558 1005 2616 absentem
1027 2557 1104 2616 adio

208 2667 314 2718 cerunt
330 2667 438 2734 poena.
487 2658 535 2714 llli
551 2658 723 2734 desperatis
742 2660 834 2718 robus
852 2678 922 2717 cum
941 2660 1105 2719 solvissent

208 2768 302 2820 navos
322 2770 359 2819 ac
379 2762 446 2819 vela
468 2769 568 2818 ventis
589 2761 759 2832 dedissent,
779 2761 939 2820 Hannibal
963 2764 1004 2821 ad
1025 2760 1105 2820 Anti·

208 2864 319 2923 ochum
341 2863 489 2938 pervenit.
537 2864 584 2920 Do
607 2863 750 2938 Magonis
771 2863 895 2922 interito
916 2865 1031 2942 duplex
1051 2883 1105 2922 me
1122 2873 1150 2925 ²5

208 2967 304 3025 moria
334 2966 457 3043 prodita
483 2975 548 3023 est:
579 2984 712 3040 namque
736 2966 787 3023 alii
813 2966 985 3043 naufragio,
1014 2968 1065 3026 alii
1089 2974 1106 3024 a

244 3132 270 3165 11
291 3118 384 3180 palam
396 3115 480 3180 facta,
495 3117 625 3162 naintidtd.
634 3145 667 3151 —
677 3129 706 3176 14
725 3116 890 3182 illdica'rrunt,
904 3119 1107 3168 declaravimus.

207 3231 241 3238 -
250 3215 276 3248 21
292 3201 402 3264 excivit,
415 3200 527 3247 avocavit
532 3213 544 3254 ;
559 3199 734 3262 renovarunt,
747 3205 1000 3267 cognovimns-25
1013 3214 1109 3254 memo-

207 3283 258 3347 ria,
271 3283 360 3347 sarna.
