2434 3720
400 243 615 295 panormus.
650 256 706 312 3-5·
969 241 1000 296 ss

96 417 242 472 auctores
268 412 424 472 Cadmeae
449 414 649 490 occupandae
672 413 783 490 partim
809 413 997 486 occiderunt,

96 515 210 592 partim
226 515 259 572 in
274 516 416 575 exsilium
432 517 595 577 eiecerunt.

64 625 85 683 4
140 620 215 677 Hoc
233 628 296 676 tam
317 619 441 678 turbido
460 630 607 696 tempore,
625 630 704 680 sicut
720 620 997 699 supradocuimus,

98 721 344 798 Epaminondas
370 724 473 798 quoad
499 743 568 782 cum
595 724 714 783 civibus
738 724 917 784 dimicatum
940 733 997 797 est,

97 825 181 882 domi
206 824 329 900 quietus
350 825 418 884 fuit.
468 829 578 903 ltaque
601 827 678 885 haec
701 827 898 887 liberatarum
920 827 998 886 The·
1035 841 1048 893 5

97 927 207 985 barum
237 927 361 1003 propria
389 928 457 986 laus
491 938 538 988 est
572 929 749 1006 Pelopidae,
781 937 901 990 ceterae
933 931 997 989 fere

66 1036 82 1085 2
99 1037 278 1091 communes
295 1050 364 1090 cum
376 1033 600 1108 Epaminonda.
637 1036 779 1109 Namque
795 1033 826 1091 in
837 1033 998 1092 Leuctrica

98 1143 202 1212 pogna
223 1133 407 1210 imperatore
430 1137 644 1210 Epaminonda
666 1137 716 1195 hic
737 1136 795 1194 fuit
817 1136 879 1194 dux
901 1137 998 1195 delec-

99 1249 148 1298 tae
163 1249 284 1312 manus,
301 1259 380 1317 quae
400 1249 498 1317 prima
517 1240 702 1317 phalangem
723 1239 887 1316 prostravit
904 1241 998 1298 Laco

66 1351 180 1401 3num.
235 1343 388 1402 Omnibus
413 1351 572 1420 praeterea
598 1343 744 1420 periculis
769 1342 869 1401 adfuit
894 1343 997 1420 (sicut,
1019 1366 1049 1400 ro

101 1448 242 1523 Spartam
274 1465 343 1504 cum
373 1447 570 1524 oppognavit,
598 1446 727 1505 alterum
753 1445 852 1505 tenuit
877 1447 996 1525 corno),

100 1557 223 1626 quoque
248 1551 395 1610 Messena
419 1548 549 1608 celerius
575 1549 793 1620 restitueretur,
821 1549 940 1625 legatus
967 1547 998 1606 in

102 1655 211 1712 Persas
241 1663 290 1711 est
318 1653 483 1729 proiectus.
537 1651 680 1729 Denique
711 1651 787 1710 haec
816 1651 873 1709 fuit
903 1651 998 1709 altera

100 1765 233 1833 persona
248 1757 374 1828 Thebis,
393 1755 449 1815 sed
464 1765 567 1814 tamen
586 1755 723 1815 secunda
741 1753 784 1812 ita
807 1762 841 1812 ut
860 1753 998 1830 proxima

101 1871 182 1920 esset
199 1859 442 1936 Epaminondae.
907 1889 910 1898 Δ
1019 1866 1048 1919 ¹5

65 1968 88 2028 5
141 1963 349 2024 Conflictatus
386 1972 488 2020 autem
521 1970 569 2020 est
602 1980 669 2020 cum
702 1960 832 2020 adversa
864 1961 996 2020 fortona.

101 2068 180 2125 Nam
205 2077 237 2126 et
263 2064 359 2138 initio,
385 2073 464 2123 sicut
488 2064 689 2135 ostendimus,
715 2064 801 2122 exsul
827 2063 927 2139 patria
952 2082 999 2120 ca-

100 2169 167 2241 ruit,
185 2178 217 2228 et
233 2188 302 2227 cum
318 2166 512 2226 Thessaliam
529 2166 560 2224 in
576 2175 763 2242 potestatem
778 2167 805 2224 T
807 2166 998 2225 hebanorum

100 2282 227 2350 cuperet
249 2271 387 2349 redigere
410 2269 635 2347 legationisque
657 2269 721 2328 iore
741 2268 817 2328 satis
835 2276 950 2328 tectum
966 2276 998 2327 se

101 2375 307 2447 arbitraretur,
325 2375 409 2451 quod
425 2372 630 2449 apudvomnes
645 2378 755 2448 gentes
770 2381 910 2431 sanctum
929 2390 998 2430 esse
1018 2393 1050 2426 20

101 2486 290 2550 consuesset,
322 2485 340 2537 a
370 2483 501 2555 tyranno
530 2475 708 2535 Alexandro
738 2475 876 2534 Pheraeo
909 2474 998 2533 simul

101 2601 170 2642 cum
187 2581 323 2640 Ismenia
342 2579 583 2656 comprehensus
603 2577 634 2635 in
650 2577 753 2637 vincla
769 2577 925 2637 coniectus
941 2587 997 2637 est.

71 2686 197 2744 2Hunc
224 2682 456 2760 Epaminondas
482 2680 682 2758 recuperavit,
703 2681 785 2740 bello
810 2689 999 2758 persequens

103 2788 321 2846 Alexandrum.
381 2787 456 2845 Post
489 2784 520 2844 id
552 2784 669 2842 factum
699 2803 867 2860 numquam
897 2785 1000 2843 animo

103 2892 218 2966 placari
236 2889 337 2966 potuit
354 2888 386 2946 in
405 2907 484 2959 eum,
501 2907 519 2946 a
538 2895 599 2963 quo
618 2895 684 2945 erat
702 2886 843 2946 violatus.
889 2889 999 2963 Itaque
1019 2900 1049 2952 25

103 2991 256 3069 persuasit
274 2991 434 3051 Thebanis
460 2999 493 3048 ut
518 2989 658 3047 subsidio
679 2989 860 3048 Thessaliae
882 2990 1000 3066 profici-

136 3159 150 3208 3
175 3144 293 3210 turbido,
313 3144 474 3206 periculoso;
504 3141 653 3206 docuimus,
677 3142 865 3204 diximus—9
888 3142 1002 3205 phalan-

105 3239 174 3292 gem,
186 3229 273 3276 aciem.
281 3256 315 3263 —
324 3226 354 3274 16
371 3227 494 3290 adversa,
508 3226 621 3272 inimoco.
629 3253 663 3260 —
673 3237 700 3285 17
721 3223 812 3288 initio,
820 3225 958 3286 princepae.
968 3253 1002 3262 -

108 3313 265 3376 19t5ct11m,
278 3314 428 3373 protectum.
