2434 3720
458 241 589 289 ClMON.
625 254 647 288 2.
969 241 1002 294 27

56 406 84 466 2
145 405 215 465 Tali
232 407 324 466 moda
340 407 482 466 custodia
502 409 650 467 liberatus
667 409 778 468 Cimen
801 410 941 468 celeriter
961 411 1001 468 ad

99 509 308 585 principatum
324 511 472 588 pervenit.
505 512 653 583 Habebat
669 513 751 570 enim
767 513 841 570 satis
858 513 1000 589 eloquen-

100 611 173 684 tiae,
199 631 349 670 summam
375 613 601 687 liberalitatem,
633 624 775 690 magnam
806 616 1000 692 prudentiam

100 734 171 773 cum
188 715 260 774 iuris
276 716 374 774 civilis
396 726 461 775 tum
483 727 526 775 rei
549 717 697 790 militaris
716 719 799 794 quod
822 738 891 776 cum
913 730 999 796 patre

99 825 232 894 apuerr')
254 817 284 874 in
304 818 489 878 exercitibus
509 820 610 877 fuerat
626 830 774 879 versatus
821 824 930 897 Itaque
949 823 999 880 hic
1036 837 1049 889 5

99 931 131 979 et
147 921 295 996 populum
313 922 462 981 urbanum
478 922 509 980 in
526 933 581 982 sua
594 923 692 980 tenuit
707 933 862 999 potestate
874 933 905 982 et
917 927 999 1000 apud
1065 906 1069 911 ’

60 1023 269 1082 2exercitum
297 1024 460 1101 plurimum
489 1025 583 1084 valuit
613 1027 804 1086 aucteritate.
864 1029 998 1086 Primum

99 1127 269 1202 imperator
292 1128 375 1203 apud
400 1128 512 1186 flt'rmen
541 1130 704 1207 Strymona
733 1139 862 1207 magnas
892 1132 998 1208 capias

98 1231 258 1288 Thracum
283 1231 410 1306 fugavit,
433 1231 581 1306 oppidum
603 1233 815 1308 Amphipolim
837 1235 998 1293 constituit

98 1341 202 1409 eoque
217 1333 325 1391 decem
340 1333 423 1391 milia
434 1335 669 1393 Atheniensium
685 1335 714 1393 in
732 1337 885 1395 coloniam
905 1338 996 1396 misit.
1019 1361 1048 1396 ιο

96 1431 190 1496 Idem
206 1436 316 1495 iterum
332 1438 415 1513 apud
440 1439 584 1516 Mycalen
609 1440 791 1517 Cypriorum
814 1451 845 1498 et
870 1441 998 1499 Phoeni·

98 1560 169 1600 cum
200 1541 402 1599 ducentarum
432 1542 554 1600 navium
580 1543 711 1600 classem
737 1543 891 1602 devictam
917 1545 997 1621 cepit

60 1650 79 1700 3
98 1645 275 1720 eademque
290 1643 340 1702 die
355 1653 421 1720 pari
436 1645 559 1702 fortuna
574 1645 605 1702 in
621 1655 701 1705 terra
717 1657 790 1704 usus
805 1658 860 1705 est.
906 1651 935 1705 N
938 1668 997 1705 am-

98 1767 160 1824 que
176 1746 313 1805 hostium
329 1747 459 1805 navibus
475 1757 572 1824 captis
588 1749 692 1806 statim
714 1769 751 1807 ex
772 1751 870 1808 classe
891 1751 996 1826 copias

98 1860 172 1910 suas
189 1851 295 1909 eduxit
309 1850 570 1926 barbarorumque
586 1853 749 1910 maximam
763 1853 824 1911 vim
843 1862 904 1912 uno
927 1874 997 1912 con·
1018 1863 1046 1915 Ι5

62 1962 80 2010 4
98 1963 191 2013 cursa
207 1954 381 2029 prostravit.
426 1954 496 2029 Qua
512 1955 640 2013 victoria
655 1965 765 2031 magna
783 1957 897 2032 praeda
922 1967 996 2034 poti-

98 2069 149 2117 tus
172 2075 244 2116 cum
266 2058 392 2115 domum
414 2066 623 2130 reverteretur,
641 2059 724 2134 quod
747 2059 806 2116 iam
830 2061 995 2118 nennallae

98 2161 220 2220 insulae
238 2169 363 2236 propter
377 2160 576 2219 acerbitatem
592 2161 699 2238 imperi
715 2163 899 2235 deiecerant,
915 2164 996 2222 bene

98 2265 255 2323 animatas
277 2263 480 2334 cenfirmavit,
506 2264 655 2322 alienatas
678 2266 717 2323 ad
740 2265 872 2323 officium
898 2260 995 2325 redire'

62 2376 80 2424 5
99 2367 209 2445 coegit.
257 2368 391 2445 Scyrum,
409 2386 500 2442 quam
516 2375 553 2425 ea
569 2376 704 2442 tempore
729 2369 866 2445 Dolopes
887 2369 996 2427 incole·
1016 2390 1046 2423 20

99 2472 184 2543 bant,
213 2470 296 2546 quod
322 2469 534 2528 contumacius
564 2478 597 2528 se
622 2481 791 2546 gesserant,
815 2473 994 2544 vacuefecit,

100 2580 239 2633 sessares
254 2581 373 2632 veteres
389 2574 463 2631 urbe
479 2574 640 2649 insulaque
656 2575 753 2645 eiecit,
771 2582 860 2651 agras
878 2576 995 2634 civibus

100 2677 213 2736 divisit.
257 2675 389 2734 Thasios
402 2676 560 2752 opulentia
572 2677 668 2734 fretos
681 2684 737 2734 suo
750 2678 884 2736 adventu
895 2675 994 2755 fregit.

101 2781 161 2839 His
177 2799 216 2838 ex
231 2780 385 2837 manubiis
408 2798 460 2836 arx
476 2779 674 2852 Athenarum,
692 2789 752 2856 qua
775 2781 815 2839 ad
838 2782 995 2840 meridiem

99 2883 206 2961 vergit,
223 2891 270 2941 est
286 2889 403 2940 ornata.
1014 2899 1027 2932 2
1031 2897 1044 2950 5

143 3110 152 3144 r
174 3096 307 3159 custbdifi,
321 3097 438 3143 vincula.
448 3124 480 3131 —
493 3109 521 3160 15
539 3097 642 3161 eduxit,
658 3099 778 3160 exposuit.
787 3125 820 3133 -
831 3097 861 3146 16
878 3100 996 3161 prbstri-

100 3179 150 3244 vit,
162 3180 246 3244 faxit.
255 3207 290 3215 -
299 3192 328 3225 22
347 3180 473 3241 sessorEs,
487 3180 632 3225 incolan—
643 3194 655 3226 2
659 3194 673 3243 3
690 3181 841 3243 opulentia,
860 3181 952 3241 opibus.
962 3210 995 3217 —

100 3260 190 3327 fregit,
205 3263 332 3324 osprcssit.
343 3289 375 3296 —
387 3275 398 3307 2
404 3274 416 3325 5
435 3262 533 3325 vergit,
547 3264 634 3308 tendit.
