2434 3720
183 207 216 258 32
467 207 699 256 ALCIBIADES.
735 222 758 272 3,
768 221 791 268 4.

183 375 215 433 in
231 383 269 434 εό
283 376 440 434 habebant
456 377 627 448 maximam,
645 376 700 434 sed
716 376 809 434 etiam
829 375 979 447 timerem,
997 375 1092 450 quod

149 487 167 537 6
183 489 214 538 et
229 478 340 538 obesse
355 478 517 554 plurimum
537 489 568 536 et
588 480 735 556 prodesse
757 487 884 554 poterat.
930 481 1092 553 Asperge-

182 583 273 640 batur
302 581 395 640 etiam
424 582 558 653 infamia,
590 582 672 657 quod
702 582 731 638 in
762 582 854 639 domi>
886 589 942 639 sua
977 580 1090 638 facere

183 684 327 761 mysteria
342 684 520 755 dicebatur3
552 685 634 760 quod
657 685 744 742 nefas
767 693 833 742 erat
854 691 938 742 mirre
955 682 1090 741 Atheni-

183 786 312 860 ensium,
328 787 422 862 idque
444 794 506 845 ndn
529 787 569 844 ad
594 786 781 862 religidnem,
798 787 854 844 sed
878 787 919 844 ad
945 784 1091 844 coniurat·
1138 800 1158 852 5

183 890 299 949 tirinem
313 890 466 966 pertinere
482 891 722 950 existimabatur.

146 999 170 1057 4
226 994 298 1052 Hbc
313 992 441 1051 crimine
456 992 488 1049 in
504 992 648 1052 cdntidne
664 993 703 1050 ab
724 993 857 1052 inimicis
877 991 1092 1069 compellaba-

182 1104 239 1154 tur.
285 1095 345 1154 Sed
362 1095 497 1154 instabat
517 1105 638 1172 tempus
661 1096 701 1153 ad
723 1096 836 1153 bellum
855 1094 1089 1171 proficiscendi.

183 1197 221 1256 Id
238 1197 286 1256 ille
302 1198 425 1256 intuens
442 1217 542 1273 neque
565 1206 708 1275 ignerans
731 1199 842 1257 civium
864 1206 991 1258 sudrum
1013 1205 1091 1256 edn-

182 1301 376 1360 suetudinem
402 1301 587 1376 postulabat,
613 1309 639 1359 si
663 1301 737 1377 quid
761 1302 799 1360 de
823 1308 856 1360 se
883 1309 933 1378 agi
957 1301 1089 1372 vellent,
1115 1321 1155 1356 10

181 1402 285 1479 potius
301 1404 338 1462 de
354 1413 517 1480 praesente
529 1403 669 1479 quaestid
684 1404 848 1462 haberetur
859 1423 953 1480 quam
969 1404 1091 1462 absens

147 1505 316 1564 2invidiae
346 1505 472 1564 crimine
502 1513 705 1566 accusaretur.
761 1506 883 1565 Inimici
912 1513 988 1566 veri)
1018 1507 1091 1565 eius

182 1607 403 1684 quiescendum
419 1608 450 1666 in
465 1618 629 1684 praesenti,
647 1609 719 1684 quia
734 1617 837 1668 noceri
857 1618 886 1667 ei
907 1617 971 1668 nrin
992 1628 1091 1686 posse

181 1711 411 1788 intellegebant,
428 1722 459 1770 et
474 1711 549 1770 illud
571 1720 692 1788 tempus
715 1714 959 1790 exspectandum
983 1713 1091 1772 decre·

180 1821 292 1874 verunt
326 1822 388 1891 qud
421 1823 544 1886 exisset,
575 1825 608 1874 ut
638 1815 796 1874 absentem
832 1816 1089 1892 aggrederentur,
1113 1827 1149 1880 15

147 1917 285 1994 3itaque
305 1919 453 1977 fecerunt,
508 1920 590 1975 Nam
612 1927 776 1992 postquam
798 1919 828 1975 in
854 1918 991 1976 Siciliam
1016 1938 1091 1977 eum

180 2020 358 2096 pervenisse
374 2020 579 2091 crediderunt,
594 2019 761 2093 absentem,
776 2022 858 2097 quod
875 2041 964 2080 sacra
976 2022 1092 2081 violas-

181 2133 236 2194 set,
254 2143 338 2182 reum
359 2125 506 2182 iecerunt.
552 2123 623 2195 Qua
645 2122 683 2180 de
709 2130 741 2182 re
767 2143 836 2181 cum
860 2133 889 2182 ei
915 2124 1046 2183 nuntius
1069 2134 1091 2184 a

180 2225 359 2302 magistram
382 2225 412 2281 in
433 2224 568 2283 Siciliam
591 2233 701 2283 missus
723 2236 815 2298 esset,
839 2235 872 2284 ut
895 2227 1025 2286 domum
1048 2228 1091 2287 ad

180 2346 305 2386 causam
332 2326 496 2386 dicendam
523 2326 643 2397 rediret,
661 2336 804 2403 essetque
829 2327 859 2385 in
886 2337 1005 2406 magnai
1033 2338 1090 2406 spe
1111 2351 1145 2387 20

179 2430 357 2507 privinciae
379 2429 459 2486 bene
483 2427 751 2501 administrandae,
768 2437 831 2488 min
854 2438 963 2506 parere
989 2433 1090 2493 nriluit

180 2544 212 2592 et
240 2533 271 2590 in
302 2532 466 2602 triremem,
495 2549 573 2606 quae
604 2530 643 2586 ad
672 2549 741 2588 eum
757 2541 822 2590 erat
854 2533 1090 2608 deportandum

145 2645 281 2706 «imissa,
308 2633 457 2691 ascendit.
504 2633 575 2689 Hac
599 2632 731 2691 Thurios
756 2634 787 2690 in
809 2629 935 2693 ltaliam
961 2645 1089 2713 pervec·
1208 2615 1209 2695 l

178 2748 236 2809 tus,
254 2737 351 2796 multa
372 2742 475 2793 secum
501 2742 648 2808 reputans
674 2734 713 2792 de
739 2735 943 2797 immoderata
972 2741 1088 2800 civium
1206 2727 1208 2812 l

178 2847 303 2911 suerum
326 2837 451 2895 licentia
474 2835 714 2910 crudelitateque
737 2847 808 2914 erga
835 2839 967 2914 ndbiles,
994 2843 1088 2902 utilis
1108 2867 1139 2918 ²5

220 2968 478 3033 7compellibitur,
508 2966 693 3027 appellabatur.
706 2983 767 3029 -9
791 2969 912 3036 intuens,
943 2975 974 3021 in
1006 2983 1088 3023 mente

176 3056 278 3104 hebrus.
287 3080 323 3088 -
334 3063 361 3097 11
382 3050 536 3111 haberetur,
557 3047 640 3108 fieret.
650 3076 684 3084 —
696 3062 724 3109 14
742 3050 950 3117 intellegebant,
967 3059 1085 3106 sciebant.

176 3134 406 3195 —dicreverunq
425 3136 576 3178 stafuerunt.
586 3143 658 3193 —15
674 3135 892 3201 aggrederentur,
906 3140 1085 3189 adorirentur.

179 3220 208 3268 18
226 3232 303 3269 reum
320 3214 453 3277 ficerunt,
470 3216 661 3262 accusaverunt.
671 3227 745 3278 —24
763 3220 904 3290 reputans,
921 3223 1086 3289 regitans,-

177 3314 209 3374 ²5
226 3303 300 3372 erga,
313 3300 350 3349 in.
