2434 3720
205 216 237 266 18
450 220 747 268 THEMISTOCLES.
783 233 806 283 9.
822 232 859 268 10.

203 390 347 464 conloqui
356 393 436 460 volo,
447 411 583 447 annuum
596 389 671 446 mihi
687 397 809 464 tempus
821 387 877 445 des
892 393 994 463 eoque
1009 395 1107 446 trans·

206 499 277 550 acto
292 491 333 549 ad
348 499 378 549 te
393 500 498 549 venire
513 491 671 568 patiaris”

157 595 204 656 10
249 594 352 666 Huius
367 601 420 652 rex
436 594 530 651 animi
542 593 785 670 magnitudinem
797 594 953 652 admirans
965 593 1107 671 cupiens-

207 716 267 773 que
282 695 376 754 talem
391 696 488 754 virum
504 696 563 755 sibi
581 695 739 755 conciliari
761 696 883 754 veniam
906 696 1002 755 dedit.
1049 696 1108 755 Ille

207 818 298 857 omne
314 799 390 857 illud
405 809 528 875 tempus
550 798 659 857 litteris
681 807 877 875 sermonique
893 800 1056 856 Persarum
1072 807 1107 858 se
1148 815 1162 864 5

207 901 345 960 dedidit:
369 902 482 977 quibus
498 902 576 960 adeo
592 902 730 960 eruditus
746 911 802 974 est,
816 911 849 959 ut
864 901 960 960 multo
972 921 1109 960 commo

207 1004 277 1062 dius
293 1004 414 1064 dicatur
429 1004 511 1080 apud
527 1012 629 1081 regem
645 1005 739 1062 verba
753 1004 866 1063 iecisse
879 1023 970 1080 quam
986 1003 1008 1061 ii
1022 1013 1109 1081 pote-

174 1121 191 1173 2
207 1116 285 1179 rant,
300 1116 352 1182 qui
367 1107 398 1165 in
416 1107 542 1166 Perside
558 1117 646 1165 erant
661 1115 735 1165 nati.
768 1108 831 1165 Hic
846 1126 916 1165 cum
930 1106 1027 1165 multa
1042 1113 1108 1182 regi

208 1219 292 1269 esset
319 1210 475 1286 pollicitus
504 1210 775 1287 gratissimumque
804 1209 889 1282 illud,
913 1218 939 1267 si
968 1217 1032 1267 suis
1061 1218 1108 1268 uti

208 1313 346 1372 consiliis
367 1313 469 1384 vellet,
486 1312 571 1370 illum
593 1312 756 1392 Graeciam
776 1313 858 1371 bello
878 1321 1106 1389 oppressurum,
1131 1335 1163 1369 10

209 1425 328 1492 magnis
351 1415 528 1474 maneribus
547 1416 586 1474 ab
608 1419 775 1474 Artaxerxe
797 1416 932 1475 donatus
951 1415 981 1472 in
998 1415 1108 1473 Asiam

208 1518 300 1577 rediit
335 1519 585 1594 domiciliumque
623 1517 804 1594 Magnesiae
840 1517 900 1576 sibi
936 1517 1106 1577 constituit.

174 1623 351 1697 3Namque
377 1621 458 1679 hanc
484 1621 591 1679 urbem
616 1630 644 1679 ei
670 1629 722 1679 rex
748 1621 878 1681 donarat
907 1622 955 1679 his
982 1621 1108 1697 quidem

209 1725 320 1796 verbis,
345 1744 424 1800 quae
448 1733 477 1782 ei
500 1733 613 1800 panem
635 1725 795 1800 praeberet
821 1723 873 1802 (ex
897 1733 958 1800 qua
982 1724 1108 1801 regione
1206 1795 1207 1838 1

210 1835 427 1904 quinquagena
449 1826 566 1886 talenta
589 1835 755 1903 quotannis
777 1828 944 1907 redibant),
962 1829 1110 1904 Lampsa·
1131 1849 1161 1900 15
1206 1845 1207 1918 ᾗ

211 1950 280 1988 cum
303 1941 414 2003 autem,
432 1931 513 1988 unde
536 1939 641 1988 vinum
664 1939 805 2003 sumeret,
827 1932 966 2009 Myunta,
986 1950 1024 1990 ex
1045 1939 1108 2007 qua
1206 1919 1207 1934 ¹

211 2033 375 2091 obsonium
390 2034 527 2093 haberet.

255 2136 356 2194 Huius
380 2137 419 2195 ad
442 2146 580 2195 nostram
603 2136 780 2195 memoriam
804 2146 1003 2195 monumenta
1025 2146 1108 2196 man-

212 2247 324 2298 serunt⁴
333 2240 413 2298 duo:
437 2240 611 2315 sepulcrum
634 2259 730 2315 prope
753 2240 901 2315 oppidum
927 2240 958 2297 in
979 2249 1108 2316 quaest

176 2354 194 2404 4
211 2342 358 2419 sepultuS,
373 2351 476 2400 statua
492 2342 523 2399 in
538 2343 606 2401 foro
624 2342 813 2419 Magnesiae.
846 2345 894 2402 De
910 2343 996 2402 caius
1011 2352 1108 2402 morte
1130 2364 1160 2398 20

212 2446 314 2504 multis
337 2446 437 2505 modis
459 2446 542 2521 apud
564 2445 727 2521 plerasque
744 2454 962 2521 scriptumest,
979 2447 1036 2506 sed
1051 2453 1108 2505 nas

212 2549 344 2607 eundem
366 2547 561 2624 potissimum
583 2547 797 2626 Thucydidem
823 2557 979 2608 auctorem
1001 2550 1108 2626 proba-

212 2671 288 2721 mus,
301 2660 353 2727 qui
369 2651 451 2709 illum
466 2652 509 2710 ait
522 2651 702 2728 Magnesiae
718 2652 825 2712 morbo
841 2661 993 2712 mortuum
1008 2671 1108 2728 neque

212 2763 306 2830 negat
320 2754 416 2812 fuisse
431 2756 546 2813 famam
562 2761 713 2812 venenum
730 2763 785 2813 sua
801 2765 911 2830 sponte
930 2755 1107 2830 sumpsisse,

212 2875 281 2915 cum
298 2864 339 2928 se,
357 2876 435 2932 quae
452 2865 515 2933 regi
530 2857 569 2915 de
585 2857 714 2916 Graecia
729 2857 932 2933 opprimenda
953 2857 1108 2934 pollicitus
1130 2879 1160 2928 ²5

179 2967 194 3016 5
212 2970 305 3033 esset,
322 2969 478 3037 praestare
498 2979 590 3036 posse
610 2961 794 3036 desperaret.
840 2955 927 3019 idem
950 2979 1022 3019 ossa
1043 2961 1109 3020 eius

256 3127 269 3178 5
286 3112 413 3176 sermoni,
432 3113 608 3174 linguan-7
626 3114 709 3162 verba
727 3111 835 3178 iecisse,
853 3115 963 3162 locatum
981 3128 1038 3161 esse.
1049 3129 1111 3178 -9

213 3196 412 3260 gratissimum,
434 3196 656 3242 iucundissimum.
667 3224 700 3231 -
712 3208 737 3242 11
759 3197 926 3260 maneribus,
946 3197 1025 3244 danis.
1035 3225 1069 3234 -
1080 3210 1109 3261 13

258 3281 336 3343 irat,
350 3279 459 3326 dederat.
469 3306 502 3313 —
512 3277 544 3325 26
555 3279 705 3342 praestare,
712 3279 807 3342 facere.
