2434 3720
161 250 190 300 34
461 256 695 304 licinianus,
731 269 752 320 5·

161 421 282 495 potuit:
319 431 385 480 erat
415 422 496 480 enirn
525 431 562 481 ee
592 423 768 500 sagacitate,
800 428 842 481 ut'
865 421 966 499 decipi
995 430 1064 481 nen

161 532 276 598 posset,
306 524 486 599 praesertim
521 544 591 583 cum
627 525 761 584 animum
799 525 981 584 attendisset
1018 525 1065 583 ad

162 626 341 685 cavendum.
395 630 504 703 Itaque
531 629 571 686 ad
596 629 844 705 Tissaphernem,
869 628 1063 704 praefectum

127 728 243 804 3regis
270 731 372 802 Darei,
400 738 433 788 se
460 731 597 790 contulit.
648 731 743 791 Cirius
769 750 838 790 curn
864 730 895 788 in
921 730 1063 788 intimam

118 855 120 862 ·
162 831 327 890 amicitiam
339 833 529 908 pervenisset
541 843 572 892 et
584 833 818 893 Atheniensium
831 833 908 890 male
920 841 1014 909 gestis
1026 831 1063 890 in
1103 848 1120 901 5

164 933 266 993 Sicilia
281 936 372 994 rebus
394 944 469 1012 opes
484 944 655 1008 senescere,
673 945 780 996 centre
803 934 1063 994 Lacedaemonio

162 1056 229 1094 rum
244 1045 381 1097 crescere
396 1039 522 1112 videret,
540 1039 627 1098 initis>
647 1059 717 1098 cum
738 1040 888 1098 Pisandre
908 1045 1061 1114 praetore,

163 1149 216 1216 qui
231 1141 314 1217 apud
348 1143 471 1200 Samum
504 1142 670 1201 exercitum
705 1142 849 1213 habebat,
884 1160 938 1218 per
969 1141 1063 1198 inter-

163 1242 287 1302 nunties
299 1245 492 1320 conloquitur
504 1255 535 1303 et
546 1246 584 1304 de
597 1245 696 1304 reditir
708 1252 764 1303 suo
775 1243 851 1303 facit
862 1243 1060 1302 mentienem.

164 1348 236 1404 Erat
266 1347 347 1404 enirn
380 1348 489 1406 eedem
521 1356 583 1423 quo
612 1347 790 1406 Alcibiades
825 1354 925 1418 sensti,
955 1346 1063 1422 populi
1084 1370 1120 1405 10

36 1469 40 1475 ·
128 1449 317 1525 epotentiae
346 1458 409 1509 non
434 1461 550 1509 amicus
574 1460 605 1510 et
633 1449 827 1526 optimatium
855 1450 965 1508 fautor.
1010 1449 1062 1507 Ab

162 1553 223 1610 hec
232 1553 396 1611 destitutus
408 1563 538 1628 primum
550 1573 604 1630 per
616 1554 851 1631 Thrasybulum,
866 1555 941 1630 Lyci
952 1549 1060 1624 filium,

164 1655 203 1713 ab
226 1656 359 1714 exercitii
382 1656 527 1732 recipitur
551 1666 735 1732 praetenue
758 1657 793 1714 fit
818 1656 900 1732 apud
927 1657 1060 1727 Samum,

163 1768 234 1835 post
253 1758 441 1835 suffragante
457 1760 650 1818 Theramene
671 1760 775 1837 populi
795 1765 873 1817 scito
893 1757 1062 1816 restituitur

163 1870 290 1937 parique
305 1862 418 1920 absens
434 1862 562 1938 imperiti
577 1863 751 1938 praeficitur
766 1861 856 1920 simul
877 1880 946 1920 cum
967 1860 1062 1917 Thra·
1085 1885 1095 1919 r
1102 1885 1119 1937 5

130 1965 272 2042 5sybiilo
298 1974 328 2023 et
357 1966 559 2024 Theramene.
606 1967 726 2024 Herum
756 1964 787 2021 in
817 1963 945 2039 imperis)
974 1971 1062 2021 tanta

163 2067 361 2127 commutatio
383 2076 482 2126 rerum
505 2069 589 2126 facta
612 2077 668 2140 est,
685 2077 718 2126 ut
742 2065 989 2138 Lacedaemonii,
1009 2074 1063 2141 qui

163 2170 256 2247 paulo
272 2181 342 2230 ante
358 2179 488 2230 victores
504 2171 673 2248 viguerant,
687 2170 838 2246 perterriti
854 2178 962 2246 pecem
977 2178 1060 2244 pete-

164 2283 239 2331 rent.
278 2275 361 2332 Victi
376 2275 458 2331 enim
474 2284 561 2332 erant
572 2282 708 2351 quinque
720 2272 843 2350 proeliis
855 2271 1060 2341 terrestribus,

163 2377 261 2435 tribus
277 2377 446 2448 navalibus,
463 2376 494 2433 in
511 2376 622 2452 quibus
638 2377 789 2434 ducentes
809 2382 904 2434 naves
923 2374 1063 2455 triremes
1086 2398 1122 2433 20

164 2489 338 2551 emiserant,
356 2499 434 2555 quae
451 2489 559 2555 captae
575 2479 605 2537 in
622 2479 754 2538 hostium
767 2485 915 2537 venerant
930 2485 1064 2554 potesta-

130 2591 147 2640 6
164 2593 235 2641 tem.
279 2582 456 2640 Alcibiades
472 2582 560 2640 simul
576 2602 645 2640 cum
661 2582 796 2657 conlegis
811 2588 968 2656 receperat
984 2579 1065 2639 leni·

165 2705 222 2756 arn,
242 2685 486 2760 Hellespontum,
504 2685 616 2743 multas
632 2693 791 2760 praeterea
810 2682 901 2742 urbes
917 2684 1062 2753 Graecis

165 2788 291 2864 quaein
315 2794 367 2846 ore
390 2787 466 2846 sitae
483 2798 555 2846 sunt
579 2787 740 2858 Thraciae,
758 2794 886 2862 querum
912 2793 1065 2862 expugne-

164 2901 233 2950 rant
262 2890 442 2966 complures
474 2890 505 2947 in
535 2891 583 2948 his
614 2888 802 2967 Byzantium,
833 2907 934 2964 neque
963 2888 1065 2946 minus
1088 2907 1124 2960 25

164 2995 275 3052 multas
298 2992 428 3052 censilie
452 2992 491 3050 ad
514 2991 678 3051 amicitiam
701 2992 911 3062 adiunxerant,
928 2992 1013 3066 quod
1034 2989 1066 3047 in

131 3103 273 3172 'lcaptos
295 3095 456 3154 clementie
479 3096 601 3153 fuerant
628 3104 683 3154 risi.
730 3097 780 3153 Ita
808 3093 923 3170 praede
953 3101 1064 3163 onusti,

209 3250 218 3282 1
234 3234 331 3298 decipi,
338 3235 412 3297 salla
422 3262 456 3269 —
466 3247 495 3293 14
508 3233 683 3296 suffregante,
690 3234 803 3296 favente.
812 3260 845 3268 -
857 3247 865 3279 1
872 3244 885 3297 5
898 3231 981 3282 simul
992 3245 1062 3295 cum,

165 3324 220 3368 timi
231 3334 296 3368 cum.
306 3316 378 3367 —18
396 3317 549 3384 viguerant,
563 3317 750 3366 valuerant.—
760 3328 791 3379 ²4
808 3315 888 3383 sitae,
905 3311 1015 3380 positae,
