2434 3720
204 199 235 248 16
474 199 771 248 TIIEMISTOCLES.
806 198 829 246 8.

168 377 185 426 2
204 370 304 444 Argos
319 367 491 425 habitatum
507 366 669 425 concessit.
695 368 757 425 Hic
770 385 838 424 cum
850 374 977 441 propter
988 365 1106 422 multas

203 469 330 528 virtutes
346 478 458 546 magne
474 489 543 528 cum
560 469 710 545 dignitete
725 477 849 540 viveret,
861 467 1107 526 Lacedaemonii

203 572 322 648 legetes
338 573 479 631 Athenes
495 579 651 643 miserunt,
670 580 722 646 qui
744 589 814 629 eum
836 571 997 628 absentem
1016 580 1107 628 accu-

204 683 316 747 serent,
334 674 418 751 quod
441 674 620 733 societatem
644 692 713 731 eum
735 681 806 750 rege
830 676 920 731 Perse
945 673 985 730 ad
1009 674 1106 730 Grae-

204 778 283 836 ciam
307 777 539 853 opprimendam
563 777 697 835 fecisset.
744 778 815 834 Hoc
837 775 964 834 crimine
987 775 1106 834 absens
1147 789 1161 841 5

169 889 186 938 3
204 880 387 956 proditienis
404 880 569 939 damnatus
585 890 641 938 est.
688 880 725 938 Id
740 889 774 936 ut
790 877 914 950 audivit,
933 878 1017 955 quod
1039 886 1105 937 nen

205 983 280 1041 satis
296 992 395 1042 tutum
410 990 443 1041 se
460 985 550 1060 Argis
571 983 704 1054 videbat,
723 984 888 1060 Corcyram
908 981 1104 1058 demigravit.

205 1085 254 1144 Ibi
277 1105 346 1144 curn
369 1085 435 1144 eius
458 1086 612 1162 principes
635 1084 903 1150 animadvertisset
928 1083 1036 1142 timere
1062 1092 1105 1144 ne

193 1198 329 1265 propter
349 1197 382 1248 se
402 1188 516 1247 bellum
537 1188 575 1247 iis
594 1187 833 1247 Lacedaemonii
848 1196 879 1246 et
894 1187 1105 1247 Athenienses

205 1292 383 1364 indicerent,
397 1292 437 1349 ad
453 1293 627 1363 Admetum,
643 1291 814 1350 Molossum
829 1299 940 1368 regem,
954 1309 1024 1349 cum
1040 1299 1105 1367 que
1125 1312 1157 1346 ιο

170 1403 187 1452 4
204 1403 233 1452 ei
248 1395 415 1470 hospitium
430 1404 504 1466 erat,
521 1394 668 1471 confugit.
701 1395 773 1452 Huc
788 1413 857 1452 curn
872 1393 1008 1452 venisset
1024 1393 1104 1452 etin

204 1496 379 1573 praesentia
408 1504 460 1555 rex
494 1498 626 1570 abesset,
651 1504 711 1572 que
745 1495 859 1555 meiere
891 1495 1039 1573 religione
1067 1504 1103 1556 se

204 1609 362 1676 receptum
384 1607 519 1658 tueretur
541 1599 637 1657 liliam
659 1599 724 1658 eius
746 1599 904 1676 parvulam
917 1599 1051 1676 adripuit
1070 1609 1104 1658 et

205 1722 275 1761 cum
301 1712 337 1761 ee
364 1711 397 1761 se
424 1703 455 1760 in
483 1702 656 1775 mererium,
682 1703 766 1778 quod
795 1711 914 1761 summe
943 1703 1104 1762 colebatur

206 1805 400 1878 caerimonia,
418 1805 559 1864 coniecit.
605 1807 683 1864 Inde
704 1813 763 1864 non
786 1805 869 1882 prius
891 1813 1032 1882 egressus
1054 1816 1102 1864 est
1124 1825 1152 1877 ¹5

206 1928 298 1984 quam
314 1916 366 1967 rex
382 1927 452 1967 eum
467 1909 540 1967 date
556 1909 663 1967 dextra
679 1908 711 1965 in
726 1909 819 1966 fidem
834 1908 992 1984 reciperet,
1010 1927 1101 1984 quam

172 2016 187 2064 5
206 2011 366 2087 praestitit.
405 2014 486 2069 Nam
502 2030 570 2069 curn
587 2012 626 2070 ab
643 2011 886 2069 Atheniensibus
902 2019 933 2069 et
949 2012 1100 2070 Lacedae-

207 2115 318 2173 moniis
334 2121 551 2190 exposceretur
567 2114 698 2190 publice,
711 2113 880 2190 supplicem
892 2121 955 2173 non
967 2113 1101 2190 prodidit

207 2218 386 2293 monuitque
402 2229 435 2275 ut
451 2217 625 2276 consuleret
641 2217 717 2275 sibi:
741 2216 864 2275 difficile
884 2216 966 2275 eninr
985 2237 1054 2276 esse
1069 2217 1097 2274 in

206 2330 269 2379 tam
284 2328 458 2396 propinque
474 2320 543 2379 loce
558 2327 624 2378 tuto
640 2338 709 2377 eum
725 2329 848 2378 versari.
894 2324 1004 2396 Itaque
1026 2321 1100 2399 Pyd·
1120 2339 1150 2373 20

208 2445 279 2483 nam
295 2445 364 2483 eum
380 2425 491 2483 deduci
509 2423 598 2482 iussit
613 2433 644 2481 et
660 2424 744 2498 quod
767 2423 842 2481 satis
865 2434 948 2482 esset
969 2424 1099 2501 praesidi

173 2529 189 2576 6
208 2529 301 2587 dedit.
335 2527 443 2585 Hicin
459 2536 569 2585 navem
585 2526 728 2585 omnibus
744 2534 867 2602 ignetus
882 2536 984 2585 nautis
1000 2535 1099 2586 escen-

208 2632 260 2690 dit.
290 2631 378 2704 Quae
395 2649 463 2688 cum
480 2638 663 2705 tempestate
680 2629 811 2687 maxime
828 2632 950 2687 Naxum
965 2631 1097 2700 ferretur,

208 2734 260 2792 ubi
275 2744 340 2792 tum
353 2732 589 2792 Atheniensium
605 2740 670 2790 erat
685 2731 846 2804 exercitus
858 2732 954 2791 sensit
965 2732 1100 2792 Themis·

208 2837 313 2907 tocleS‚
332 2846 358 2895 si
373 2844 410 2895 ee
427 2835 626 2911 pervenisset,
645 2835 704 2892 sibi
719 2853 788 2893 esse
804 2837 1003 2911 pereundum.
1034 2839 1100 2895 Hac
1120 2853 1148 2901 25

208 2939 394 2997 necessitete
418 2947 545 2996 euectus
568 2937 694 2996 domino
716 2938 814 3010 nevis,
836 2939 905 3014 quis
927 2939 976 3011 sit,
996 2940 1099 3016 aperit,

174 3041 304 3099 'lmulta
326 3040 477 3117 pollicens
500 3048 525 3096 si
548 3046 581 3096 se
600 3047 822 3098 censervesset.
868 3044 910 3100 At
932 3041 982 3100 ille
1005 3043 1102 3102 cleris-

252 3187 264 3220 2
281 3173 427 3236 dignitate,
441 3172 541 3218 honere,
551 3185 609 3230 -4
627 3172 794 3235 societetem
800 3172 899 3234 foedus.
909 3173 966 3222 -8
984 3175 1102 3225 animad-

208 3256 346 3320 vertisset,
360 3255 551 3317 regnevisset.-
566 3267 574 3298 1
581 3267 595 3315 3
606 3255 735 3317 tueretur,
749 3255 897 3316 defenderet.
