2434 3720
190 231 224 281 60
485 230 703 282 AGESILAUS.
739 247 761 297 3,
775 246 797 293 4.

191 399 353 458 fefellisset
369 407 544 474 victumque
566 406 599 457 se
620 399 749 458 vidisset
771 400 910 472 camilia,
936 407 1002 458 sere
1023 407 1082 458 suis

190 501 345 579 praesidia
371 501 529 578 profectus
556 511 612 560 est.
658 505 739 560 Nam
768 521 837 560 curn
867 503 920 562 iliu
945 503 1081 574 venisset,

190 606 251 664 iam
273 605 437 682 Agesilaus
460 604 563 664 multis
586 605 661 665 locis
684 614 868 682 expirgnatis
891 616 1002 684 magna
1023 615 1083 664 erat

156 709 306 786 6praeda
331 717 456 784 potitus
502 710 586 767 Lace
615 718 718 767 autem
745 729 814 768 cum
840 710 959 768 videret
984 711 1084 768 hostes

191 811 330 889 equitatu
360 819 513 886 superare,
544 830 709 888 numquam
740 812 772 870 in
802 820 913 888 campe
940 822 987 872 sui
1015 811 1085 871 fecit
1122 825 1134 878 5

190 923 377 998 potestatem
406 922 437 972 et
467 913 504 973 iis
531 915 608 974 locis
636 934 759 973 manum
790 915 949 975 censeruit
978 916 1085 992 quibus

191 1020 260 1095 plas
280 1019 440 1095 pedestres
461 1017 570 1094 cepiae
586 1018 731 1077 valerent.
778 1017 900 1095 Pepulit
918 1027 1000 1096 ergo,
1017 1039 1087 1095 quo-

190 1122 405 1198 tienscumque
428 1139 611 1196 congressus
634 1130 689 1194 est,
712 1122 809 1181 multo
831 1122 964 1182 maieres
987 1123 1088 1181 adver-

191 1225 339 1284 sariarum
368 1223 475 1300 capias
505 1234 536 1282 et
566 1234 611 1283 sic
640 1225 671 1282 in
704 1225 780 1284 Asia
809 1234 951 1285 versatus
980 1236 1027 1285 est
1055 1234 1088 1284 ut

191 1327 328 1387 omnium
344 1327 489 1403 opinione
506 1336 603 1386 victor
619 1329 788 1387 dirceretur.
1111 1365 1139 1400 10

154 1437 177 1494 4
234 1433 297 1489 Hic
326 1449 395 1489 cum
425 1429 485 1488 iam
515 1430 618 1489 animo
648 1431 847 1490 meditaretur
875 1432 1030 1508 proficisci
1058 1431 1090 1489 in

192 1537 303 1592 Persas
329 1543 360 1592 et
386 1533 486 1608 ipsum
513 1540 615 1610 regem
642 1535 762 1606 adoriri,
790 1534 918 1593 nantius
945 1545 974 1593 ei
1000 1537 1091 1594 dome

191 1637 275 1696 venit
312 1637 495 1713 ephororum
534 1645 629 1694 missii
671 1636 785 1695 bellum
816 1637 1026 1698 Athenienses
1061 1647 1091 1696 et

193 1740 337 1800 Boeeties
370 1738 519 1798 indixisse
551 1739 825 1812 Lacedaemoniis;
863 1749 959 1816 quare
989 1751 1091 1800 venire

157 1847 174 1898 2
192 1851 230 1902 ne
246 1843 409 1902 dubitaret.
456 1845 493 1900 In
514 1842 573 1900 hec
595 1849 657 1900 nen
679 1842 780 1900 minus
796 1842 862 1900 eius
877 1843 980 1919 pietas
997 1844 1092 1920 suspi-
1112 1862 1140 1913 15

191 1947 302 2007 cienda
329 1956 376 2004 est
404 1964 497 2021 quarn
523 1945 618 2003 virtus
643 1945 773 2003 bellica:
808 1955 860 2020 qui
888 1965 958 2004 cum
986 1955 1093 2006 victeri

191 2059 349 2127 praeesset
371 2048 518 2107 exercitui
542 2047 765 2124 maximamque
790 2049 919 2108 haberet
945 2051 1093 2110 fiduciam

193 2162 278 2230 regni
301 2154 462 2212 Persarum
482 2150 633 2227 potiundi,
651 2159 737 2209 tanta
760 2151 913 2209 modestia
935 2153 1023 2214 dicto
1046 2174 1094 2212 au-

193 2257 281 2315 diens
310 2256 368 2314 tuit
401 2254 492 2313 iassis
525 2252 699 2312 absentium
729 2253 964 2329 magistratuum
1002 2267 1036 2316 ut
1069 2265 1096 2315 si

192 2369 328 2437 privatus
344 2359 376 2416 iu
391 2357 516 2418 comitia
531 2365 614 2414 esset
631 2357 767 2432 Spartae.
806 2356 902 2415 Caius
918 2361 1096 2436 exemplum
1115 2377 1142 2412 ιο

158 2463 309 2521 3utinam
332 2463 531 2538 imperatores
557 2469 655 2517 nostri
684 2467 771 2533 sequi
797 2459 988 2520 voluissent!
1035 2464 1097 2522 Sed

193 2566 263 2624 illae
300 2566 471 2623 redeamus
531 2562 693 2637 Agesilaus
728 2561 966 2637 opulentissime
1001 2573 1098 2642 regno

14 2707 20 2732 ,
192 2667 369 2745 praeposuit
395 2668 508 2725 bonam
536 2663 794 2722 existimationem
822 2665 983 2741 multoque
1009 2669 1099 2744 glari-

193 2772 277 2832 esius
298 2770 392 2841 duxit,
415 2778 441 2827 si
465 2767 612 2826 institutis
637 2765 753 2842 patriae
777 2767 939 2842 paruisset,
958 2789 1054 2845 quam
1074 2782 1099 2832 si

234 2965 251 3014 6
274 2977 385 3015 manum
404 2961 548 3024 conseruit,
569 2961 695 3021 proelium
718 2961 935 3008 commisit-10
959 2964 1100 3029 opimam,

193 3050 321 3098 sententia.
330 3075 363 3082 —
374 3061 399 3094 11
421 3044 606 3105 meditaretur,
628 3043 752 3104 cagitaret.
763 3070 796 3077 —
806 3055 834 3089 12
853 3043 964 3109 adoriri,
986 3051 1100 3110 aggredi.

193 3145 265 3196 -15
292 3130 465 3193 suspicienda
488 3128 540 3189 est,
562 3126 718 3173 admiranda
738 3124 858 3173 est—18
885 3126 960 3178 dicte
983 3131 1102 3182 audien·

195 3213 259 3277 fuit,
288 3215 469 3274 parma—21
507 3209 593 3270 sequi,
624 3207 815 3270 imitare—23
850 3209 1101 3281 existimatidnem‚

203 3298 309 3344 frimam.
