2434 3720
218 207 253 256 44
481 206 766 255 rpnuruounns
800 221 823 272 3,
836 222 860 268 4.

221 372 251 431 in
282 381 387 449 primis
416 381 581 431 commissa
611 373 725 445 celans,
757 373 841 449 quod
872 373 1020 433 interdum
1049 378 1107 430 non

221 476 321 534 minus
341 476 467 552 prodest
487 494 578 551 quam
598 475 711 534 diserte
730 477 841 549 dicere,
859 476 1013 536 studiosus
1032 473 1109 532 audi-

222 581 314 638 endi:
349 598 385 637 ex
414 579 473 637 hoc
503 578 584 637 enim
616 577 761 637 facillime
794 578 873 638 disci
906 579 1106 638 arbitrabatur.

187 685 333 758 sitaque
353 700 422 740 cum
443 681 474 738 in
495 681 640 740 circulum
656 681 792 740 venisset
815 681 846 739 in
871 690 933 757 quo
953 692 1003 740 aut
1023 681 1062 739 de
1081 684 1109 736 re

222 785 345 863 publica
358 784 565 860 disputaretur
581 794 633 843 aut
649 784 687 843 de
704 784 901 860 philosophia
914 792 1012 844 sermo
1026 783 1109 841 habe
1137 795 1147 846 5

223 896 312 960 retur,
326 906 493 965 numquam
509 887 581 946 inde
596 887 680 964 prius
696 887 839 946 discessit
851 907 944 963 quarn
966 889 1004 946 ad
1022 888 1110 945 finem

189 998 323 1051 dsermo
353 1001 435 1050 esset
464 991 625 1050 adductus.
682 991 899 1066 Paupertatem
925 992 1003 1050 adeo
1026 988 1110 1048 facile

223 1111 388 1171 perpessus
403 1102 451 1152 est
467 1103 500 1152 ut
514 1093 553 1152 de
568 1093 736 1171 republica
751 1093 826 1151 nihil
847 1103 970 1171 praeter
993 1091 1111 1170 gloriam

223 1197 348 1274 ceperit.
397 1199 575 1255 Amicorum
600 1195 631 1254 in
656 1203 689 1255 sc
713 1197 830 1255 tuendo
854 1197 952 1257 caruit
974 1193 1112 1255 facultati-

224 1302 291 1372 bus,
314 1301 375 1359 fide
403 1300 443 1357 ad
466 1299 542 1358 alios
566 1299 776 1358 sublevandos
798 1319 892 1376 saepe
914 1309 959 1359 sic
981 1311 1052 1358 usus
1072 1305 1113 1356 est
1128 1318 1148 1351 ιο

225 1414 258 1463 ut
274 1403 401 1462 iudicari
423 1402 522 1478 possit
544 1402 649 1461 omnia
671 1411 699 1461 ei
720 1421 788 1461 cum
810 1411 917 1462 amicis
931 1403 1027 1462 fuisse
1043 1419 1113 1461 com·
1180 1405 1181 1446 ἰ

192 1506 337 1566 omunia.
389 1507 470 1565 Nam
492 1524 561 1565 cum
584 1515 637 1564 aut
658 1505 769 1565 civium
796 1513 921 1565 suorum
948 1506 1057 1582 aliquis
1080 1503 1113 1562 ab

225 1609 367 1669 hostibus
385 1619 469 1668 esset
486 1620 604 1686 captus,
622 1617 675 1667 aut
690 1608 775 1685 virgo
796 1618 886 1667 amici
906 1610 1027 1682 nubilis,
1044 1625 1113 1685 quae

226 1723 350 1791 propter
361 1721 574 1789 paupertatem
584 1712 739 1771 conlocari
751 1719 814 1770 non
829 1722 944 1789 posset,
959 1720 1113 1772 amicorum

227 1817 389 1876 consilium
411 1817 546 1874 habebat
568 1824 606 1887 et,
630 1824 778 1891 quantum
800 1815 931 1891 quisque
952 1817 1046 1883 daret,
1065 1820 1112 1890 pro
1128 1830 1148 1882 15

193 1931 210 1981 6
226 1919 425 1979 facultatibus
438 1918 617 1994 imperabat.
660 1920 796 1993 Eamque
813 1937 963 1976 summam
975 1937 1043 1978 cum
1054 1925 1113 1976 con-

227 2024 349 2095 fecerat,
373 2021 550 2099 priusquam
577 2019 732 2096 acciperet
756 2020 927 2097 pecuniam,
952 2021 1113 2080 adducebat

228 2145 296 2185 eum
323 2136 375 2202 qui
399 2125 567 2201 quaerebat
593 2124 633 2181 ad
655 2131 710 2183 eds
736 2132 787 2200 qui
809 2124 1019 2198 conferebant,
1036 2134 1113 2199 eique

228 2239 262 2288 ut
277 2229 336 2305 ipsi
352 2237 554 2300 numerarent,
572 2227 715 2299 iaciebat,
732 2236 765 2285 ut
782 2226 841 2299 ille,
859 2227 899 2284 ad
915 2247 1006 2302 quem
1025 2247 1059 2287 ea
1072 2233 1113 2284 res

228 2331 435 2410 perveniebat,
454 2340 544 2389 sciret
561 2339 709 2405 quantum
725 2329 836 2405 cuique
851 2330 987 2390 deberet.
1126 2349 1148 2383 ιο

192 2439 216 2498 4
269 2438 403 2494 Tentata
419 2443 521 2492 autem
537 2433 604 2491 cius
619 2442 667 2491 est
683 2431 872 2491 abstinentia
886 2440 904 2490 a
918 2433 1112 2493 Diomedonte
1161 2451 1166 2470 ·

230 2538 403 2616 Cyziceno:
426 2555 558 2612 namque
579 2536 605 2594 is
625 2543 734 2612 rogatu
750 2534 930 2594 Artaxerxis
950 2536 1030 2613 rfrgis
1048 2539 1111 2612 Epa·

229 2641 407 2699 minondam
424 2639 553 2716 pecunia
570 2638 825 2714 corrumpendum
842 2644 1029 2715 susceperat.
1061 2641 1111 2696 Hic

230 2750 342 2822 magno
357 2761 428 2802 cum
442 2742 579 2818 pondere
596 2750 660 2798 auri
673 2741 700 2797 T
701 2741 798 2799 hebas
808 2739 892 2798 venit
907 2750 938 2798 et
955 2741 1110 2820 Micythum

230 2845 496 2906 adulescentulum
519 2853 654 2920 quinque
670 2843 795 2900 talentis
816 2843 854 2900 ad
876 2861 963 2900 suam
986 2843 1109 2920 perduxit
1123 2863 1144 2912 25

230 2951 428 3020 voluntatem,
447 2966 538 3024 quem
559 2955 622 3003 tum
640 2946 871 3021 Epaminondas
886 2945 1043 3022 plurimum
1056 2946 1107 3006 dili-

273 3128 287 3176 3
304 3112 497 3172 arbitrabitur,
516 3107 698 3156 censent-6
716 3107 852 3171 discessit,
870 3109 980 3155 abiit-
991 3124 1019 3158 10
1036 3111 1108 3160 suble.

230 3197 343 3257 vandus,
362 3189 608 3241 adiuvandus—18
629 3187 812 3256 conferebant,
831 3191 1013 3244 dabant—26
1030 3193 1107 3261 dmg&-

232 3278 290 3344 Μ,
302 3277 409 3324 anrdbat.
