2434 3720
414 251 626 300 mmmnas.
662 264 685 310 4,
701 262 722 315 ς.
1000 247 1015 298 s

116 427 155 478 ec
171 427 244 478 sues
267 419 373 496 cepies
389 419 421 476 in
437 437 579 494 campum
603 418 789 477 Marathena
812 416 1013 475 dedexerunt.

117 524 152 580 Is
178 531 226 580 est
252 522 291 580 ab
318 521 434 598 oppido
460 521 582 580 circiter
610 519 693 578 milia
722 538 869 595 passuum
896 519 1013 576 decem.

78 630 97 680 3
117 626 192 683 Hec
218 624 350 683 tumultu
376 623 583 683 Athenienses
606 632 668 682 tam
690 629 864 698 propinque
889 631 1014 697 tamque

115 734 231 804 megne
253 733 385 802 permeti
406 726 553 784 auxilium
575 744 727 801 nusquam
749 724 810 782 nisi
828 733 846 782 e
862 725 1015 782 Lacedae-

115 828 229 888 moniis
265 837 439 906 petiverunt
476 829 723 904 Phidippumque
760 833 914 886 curserem
947 826 1014 886 eius
1050 841 1063 893 5

114 931 239 1010 generis
266 941 319 1008 qui
347 931 600 991 hemerodromoe
625 940 783 1002 vocantur,
810 930 1014 988 Lacedaemo

116 1054 187 1094 nem
203 1042 360 1107 miserunt,
382 1043 416 1093 ut
438 1035 593 1106 nuntiaret
610 1053 701 1110 quam
719 1033 812 1092 celeri
832 1051 910 1109 opus
930 1041 1014 1091 esset

78 1144 98 1194 4
115 1138 239 1198 auxilie.
286 1140 379 1196 Domi
400 1147 502 1197 autem
525 1147 630 1197 creant
650 1138 758 1196 decem
778 1143 943 1212 praeteres,
961 1144 1014 1212 qui

115 1239 265 1300 exercitui
284 1250 473 1316 praeessent,
491 1241 523 1299 in
543 1240 580 1299 iis
600 1239 784 1298 Miltiadem.
829 1241 915 1296 Inter
935 1246 1013 1314 quos

115 1353 228 1420 megna
257 1342 316 1401 fuit
345 1343 505 1403 contentis)
533 1353 634 1402 utrum
659 1342 823 1401 moenibus
849 1349 882 1401 se
908 1341 1063 1400 defen-10

116 1447 225 1505 derent
255 1465 294 1504 an
324 1446 446 1505 obviam
473 1455 556 1520 *irent
586 1445 729 1505 hostibus
759 1444 886 1521 acieque
911 1445 1014 1503 decer-

78 1559 98 1608 5
115 1559 234 1608 nerent.
266 1541 356 1608 Unus
373 1549 532 1608 Miltiades
548 1547 680 1608 menime
695 1549 851 1607 nitebatur
866 1556 899 1605 ut
914 1556 1012 1624 prime

115 1660 239 1729 queque
262 1662 400 1729 tempore
423 1661 525 1711 castra
546 1652 674 1722 fierent:
696 1651 728 1709 id
744 1659 770 1709 si
784 1651 901 1709 iactum
919 1660 1010 1723 esset,

115 1764 146 1814 et
172 1755 293 1814 civibus
322 1754 457 1812 animum
484 1751 688 1827 accessurum,
712 1773 782 1812 cum
808 1753 948 1812 viderent
973 1754 1012 1812 de

115 1866 221 1918 eerum
236 1857 347 1917 virtute
363 1864 426 1917 nen
442 1858 606 1944 desperem,
619 1866 650 1916 et
660 1858 766 1915 hostes
782 1857 890 1915 eedem
902 1863 935 1915 re
946 1856 1011 1915 iore
1031 1877 1061 1930 15

114 1961 275 2033 tardiereS,
289 1969 315 2020 si
327 1961 608 2020 animadverterent
623 1960 729 2019 auderi
744 1960 892 2018 adversus
904 1966 937 2018 se
949 1969 1011 2018 tam

114 2064 234 2141 exiguis
249 2063 347 2140 copiis
365 2063 512 2124 dimiceri.

72 2175 99 2234 5
158 2169 230 2227 Hoc
239 2167 271 2225 in
281 2177 418 2244 tempore
429 2167 513 2226 nulla
523 2166 631 2226 civitais
641 2165 885 2226 Atheniensibus
898 2164 1012 2226 auxilie

112 2269 172 2330 fuit
194 2280 316 2347 praeter
338 2271 545 2329 Plataeenses.
592 2273 636 2328 Ea
658 2270 740 2328 mille
765 2270 848 2328 misit
871 2269 1009 2329 militum.

114 2377 227 2450 Itaque
256 2374 365 2432 horum
394 2373 530 2432 adventii
562 2373 669 2456 decem
705 2372 790 2436 milia
826 2379 1010 2431 armeterum
1031 2396 1061 2431 20

113 2476 271 2552 completa
296 2487 376 2547 sunt,
404 2495 483 2552 quae
505 2495 616 2534 manus
638 2475 770 2533 mirebili
791 2475 942 2551 flagrabat
960 2485 1012 2550 pu·

78 2579 231 2656 2gnandi
253 2578 431 2654 cupiditate.
477 2579 548 2652 Que
569 2579 755 2637 factumest
777 2588 810 2636 ut
829 2579 898 2654 ples
919 2597 1010 2653 quam

113 2683 262 2758 conlegae
284 2681 443 2740 Miltiades
462 2682 586 2741 valeret.
633 2675 706 2740 Eius
732 2688 805 2757 erge
829 2681 1011 2740 auctoritate

114 2784 239 2862 impulsi
269 2784 476 2844 Athenienses
513 2785 619 2860 cepies
656 2803 693 2842 ex
729 2785 804 2843 urbe
841 2785 1011 2843 eduxerunt

79 2893 97 2944 3
114 2889 244 2964 locoque
267 2887 380 2947 idenee
401 2896 502 2946 castra
521 2888 669 2946 fecerunt.
716 2887 796 2946 Dein
815 2895 940 2963 posteri)
961 2888 1011 2947 die
1029 2908 1060 2960 25

114 2992 172 3050 sub
202 2990 316 3050 mentis
346 2990 501 3049 redicibus
528 2989 593 3048 acie
622 2990 747 3066 regione
773 2999 921 3049 instincte
947 2999 1010 3051 non

114 3093 307 3170 apertissime
322 3093 472 3170 proelium
488 3100 706 3152 commiserunt
723 3092 869 3172 (namque
885 3093 1010 3152 arbores

157 3240 167 3274 1
182 3239 319 3291 campum,
326 3225 536 3288 pldm'tiem.—8
555 3228 657 3290 creant,
670 3225 792 3287 deltgrunt.
800 3253 834 3262 —-
845 3237 872 3285 17
892 3224 1009 3290 exiguiS,

109 3315 206 3370 paucis.
216 3337 250 3345 -
259 3323 291 3369 24
303 3309 425 3374 impulsi,
439 3310 544 3356 inducti.
