2474 3718
415 252 621 302 nnnumnn
656 255 680 312 a,
693 269 716 318 9.
981 255 1012 308 73

104 421 242 480 servulis
269 419 367 496 ipsius
393 419 588 479 interfectum
614 441 684 480 eum
711 432 860 500 scripturn
885 424 1012 500 relique·

75 534 188 584 arunt.
237 523 412 582 Antiochus
438 533 549 596 autem,
567 533 593 582 si
619 534 681 583 tam
712 525 742 583 in
763 527 901 604 gerendi)
930 527 1012 586 bello

103 626 251 687 consiliis
270 626 336 685 eius
353 633 459 703 perere
477 627 627 686 voluisset
646 647 739 704 quam
757 629 788 686 in
813 619 1012 706 suscipiendo

104 729 297 800 instituerat,
323 729 451 805 propius
477 729 582 789 Tiberi
612 750 704 806 quam
731 732 947 811 Thermopylis
973 733 1011 792 de

104 841 231 892 summai
249 831 356 908 imperi
374 833 561 892 dimicasset.
607 833 709 907 Quem
728 843 786 893 etsi
805 835 899 895 multa
918 836 1011 895 stulte
1048 852 1061 903 5

74 943 217 995 iocineri
237 934 370 1006 videbat,
391 945 494 994 tamen
519 936 603 995 millai
625 937 761 996 deseruit
783 938 813 995 in
837 945 877 998 re.
923 940 1011 998 Prae-

104 1038 164 1096 luit
189 1045 301 1114 paucis
325 1037 466 1109 navibus
491 1047 567 1114 quis
591 1057 629 1096 ex
654 1039 740 1118 Syriai
764 1040 865 1099 iussus
889 1051 955 1099 erat
979 1041 1009 1098 in

105 1141 217 1200 Asiam
238 1141 359 1212 ducere,
380 1139 478 1216 iisque
498 1141 646 1200 adversus
666 1143 858 1201 Rhodiorum
878 1143 1010 1202 classem

105 1245 135 1302 in
154 1243 342 1321 Pamphylio
357 1252 434 1301 mari
448 1243 594 1303 conflixit.
640 1245 796 1318 Quocum
814 1246 1009 1307 multitudine

105 1345 356 1406 adversariorum
372 1355 420 1404 sui
435 1356 660 1424 superarentur,
674 1348 749 1426 ipse,
763 1356 824 1424 quo
836 1359 931 1409 cornu
946 1369 1008 1410 rem
1030 1375 1059 1409 ro

104 1450 214 1528 gessit,
232 1449 291 1507 fuit
307 1449 453 1525 superior.

72 1564 94 1625 9
148 1552 311 1611 Antiocho
329 1552 443 1628 lugeto,
460 1561 570 1613 verens
589 1562 628 1613 ne
647 1555 819 1628 dederetur,
840 1557 923 1632 quod
942 1556 1008 1615 sine

106 1656 205 1715 dubis)
225 1654 399 1726 accidisset,
417 1664 443 1713 si
462 1665 509 1714 sui
527 1656 654 1716 fecisset
672 1667 867 1734 potestatem,
884 1661 1008 1719 Cretam

106 1761 146 1818 ad
170 1758 342 1836 Gortynius
364 1758 456 1831 venit,
480 1769 514 1817 ut
535 1759 587 1831 ibi,
613 1767 674 1835 quo
696 1768 729 1820 se
752 1762 914 1836 conferret,
939 1770 1008 1821 con-

74 1864 270 1926 2sidereret.
326 1861 413 1920 Vidit
437 1871 539 1921 autem
563 1862 608 1920 vir
631 1864 767 1922 omnium
791 1864 1008 1925 callidissimus
1028 1887 1057 1940 15

106 1965 138 2023 in
165 1971 281 2041 migne
305 1971 339 2022 se
361 1964 429 2022 fore
455 1965 600 2041 periculo,
625 1965 684 2025 nisi
712 1967 786 2043 quid
812 1968 1006 2043 providisset,

106 2076 235 2145 propter
248 2066 405 2125 avaritiam
419 2068 625 2127 Cretensium:
647 2078 790 2146 magnam
806 2070 887 2129 enim
903 2078 1008 2130 secum

108 2178 272 2252 pecuniam
296 2180 449 2255 portabat,
474 2179 512 2238 de
535 2186 596 2254 qui
619 2177 736 2237 sciebat
760 2187 860 2237 exisse
883 2177 1006 2236 lernam.

75 2285 91 2334 3
109 2284 220 2360 ltaque
244 2275 326 2359 cap'it
349 2283 410 2341 trile
431 2282 601 2343 consilium.
646 2282 820 2359 Amphorris
836 2281 1007 2357 complures

108 2386 245 2462 complet
270 2386 407 2462 plumbo,
433 2395 568 2444 summas
594 2386 694 2463 operit
717 2393 791 2444 auro
815 2395 846 2444 et
869 2391 1005 2460 argento.
1027 2401 1058 2436 20

110 2488 179 2547 His
194 2487 411 2565 praesentibus
426 2487 617 2564 principibus
633 2487 761 2563 deponit
777 2487 808 2545 in
824 2488 940 2563 templo
957 2487 1007 2544 Di-

108 2598 195 2662 enae,
209 2590 359 2650 simulans
374 2598 408 2650 se
419 2600 490 2650 sues
503 2591 641 2650 lortirnris
653 2591 772 2650 illorum
785 2590 857 2648 fidei
872 2590 1005 2648 credere.

111 2694 171 2752 His
186 2694 217 2752 in
234 2701 367 2753 errorem
383 2694 525 2766 inductis,
544 2702 660 2753 statues
677 2700 798 2764 aeneriS,
813 2701 890 2770 ques
903 2700 1007 2751 secum

109 2798 260 2872 portabat,
278 2806 362 2855 omni
378 2806 433 2856 sua
451 2797 581 2874 pecunia
601 2797 734 2872 complet
754 2805 868 2872 erisque
890 2796 920 2852 in
942 2803 1007 2871 pro-

77 2896 92 2945 4
109 2900 214 2973 patulo
231 2901 314 2959 domi
330 2899 433 2959 abicit.
479 2899 620 2978 Gortynii
635 2899 782 2974 templum
803 2907 915 2975 migne
936 2907 1008 2956 eiua
1027 2912 1057 2964 25

111 3003 295 3076 custodiunt,
312 3011 375 3062 non
399 3013 461 3061 tam
482 3012 500 3062 e
521 3011 630 3062 ceteris
652 3021 744 3079 quam
763 3003 801 3060 ab
820 3001 1006 3073 Hannibale,

111 3110 152 3161 ne
167 3103 214 3163 ille
231 3105 436 3164 inscientibus
452 3105 489 3163 iis
505 3107 626 3164 tolleret
642 3112 806 3180 secumque
822 3105 956 3163 duceret.

147 3234 163 3282 6
194 3238 320 3302 deseruit,
352 3239 509 3302 reliquit-
524 3252 553 3298 14
583 3233 772 3302 consideraret,
808 3237 1009 3285 deliberent.-

115 3329 147 3386 19
164 3319 242 3393 capit,
262 3323 410 3370 iniit-20
426 3321 525 3392 operit,
545 3320 691 3392 tegar-26
703 3320 818 3390 tolleret,
838 3319 960 3389 auferret,
