2474 3718
421 274 627 323 HANNIBAL.
666 289 703 322 rr.
977 275 1008 328 75

67 440 181 500 ilTalr
197 439 411 499 cohortetiene
434 441 563 499 militum
586 442 670 500 facte
692 441 801 500 classis
818 443 856 500 ab
873 451 1009 518 utrisque

110 544 141 601 in
172 543 323 620 proelium
350 543 521 602 deducitur.
577 545 714 617 Quarum
741 545 806 603 acie
833 545 1008 617 censtitiite,

110 647 291 723 priusquam
321 655 443 723 signum
469 656 591 723 pitgnae
618 647 751 720 daretur,
781 647 950 719 Hannibal,
978 656 1011 706 ut

110 750 214 825 palam
231 750 349 807 faceret
367 759 431 807 suis
450 757 512 825 que
530 749 599 808 loce
621 752 774 808 Eumenes
800 760 892 823 esset,
916 751 1010 809 tabel-

79 853 221 912 2larium
240 851 270 909 in
291 852 407 928 scaphii
427 871 496 910 curn
517 853 654 912 caiducee
672 852 774 912 mittit.
819 853 881 926 Qui
899 853 952 911 ubi
971 854 1010 911 ad
1030 870 1043 922 5

111 962 207 1014 naves
233 955 476 1013 adversariorum
499 955 640 1031 pervenit
663 955 887 1033 epistulamque
911 965 1011 1015 osten-

111 1057 190 1116 dens
217 1065 251 1115 se
277 1065 380 1134 regern
406 1058 565 1134 professus
589 1068 637 1116 est
661 1077 815 1134 quaerere,
842 1059 945 1117 statim
971 1060 1010 1117 ad

113 1163 284 1218 Eumenem
300 1161 451 1218 deductus
471 1170 527 1232 est,
545 1161 628 1236 quod
644 1169 735 1221 neme
751 1161 914 1221 dubitebat
936 1171 1009 1238 quin

112 1263 231 1339 aliquid
250 1263 289 1321 de
307 1272 384 1339 pace
403 1273 487 1322 esset
505 1273 661 1339 scriptum.
708 1264 909 1337 Tabellarius,
921 1265 1010 1324 ducis

112 1375 190 1426 neve
213 1366 370 1425 declarata
393 1375 466 1438 suis
484 1367 593 1426 eedem
617 1367 699 1425 unde
722 1378 787 1426 erat
809 1374 959 1444 egressus,
977 1375 1010 1427 se
1031 1389 1060 1423 10

80 1469 239 1545 3recepit.
293 1471 335 1527 At
360 1471 512 1528 Eumenes
537 1470 637 1528 soluta
661 1469 793 1546 epistula
818 1471 893 1529 nihil
917 1471 948 1528 in
973 1481 1010 1531 ee

98 1571 249 1649 ,repperit
266 1571 326 1630 nisi
345 1591 424 1647 quae
443 1573 483 1630 ad
502 1572 698 1632 inridendum
720 1592 788 1632 eum
810 1574 1008 1651 pertinerent.

114 1675 210 1735 Cuius
231 1682 292 1733 etsi
311 1693 436 1733 causam
457 1677 625 1735 mirabatur
646 1695 746 1752 neque
766 1677 947 1753 reperiebat,
969 1686 1011 1736 ta-

112 1797 181 1837 men
213 1776 365 1855 proelium
397 1778 502 1837 statim
535 1778 725 1837 committere
755 1786 817 1864 nen
848 1780 1009 1839 dubitavit.

81 1883 237 1941 4Herum
256 1880 288 1938 in
306 1891 458 1939 concursu
479 1881 614 1960 Bithynii
636 1882 825 1940 Hannibalis
845 1891 1011 1959 praecepte
1032 1900 1061 1952 15

115 1984 249 2043 universi
268 1992 379 2042 navem
399 1984 545 2042 Eumenis
564 1985 752 2043 adoriuntur.
797 1986 935 2059 Quinum
951 1987 1012 2044 vim

113 2094 165 2145 rex
186 2105 259 2146 cum
281 2086 433 2152 sustinere
452 2094 514 2146 nen
535 2097 649 2163 posset,
666 2089 740 2164 iuga
764 2088 893 2147 salutern
915 2089 1010 2164 petit;

114 2209 205 2266 quam
221 2197 410 2249 censecirtus
426 2196 488 2248 nen
507 2199 598 2261 esset,
616 2188 675 2248 nisi
691 2189 770 2248 intra
786 2209 842 2248 sua
858 2192 1012 2267 praesidia

115 2300 146 2351 se
157 2292 339 2368 recepisset,
350 2311 430 2368 quae
442 2291 473 2349 in
487 2292 625 2368 proxime
641 2293 728 2352 litore
741 2303 828 2352 erant
840 2295 1010 2354 conlocata.

83 2408 98 2457 5
115 2396 266 2482 Reliquae
285 2396 491 2472 Pergamenae
506 2403 603 2455 naves
613 2415 681 2454 cum
695 2397 887 2456 adversaries
898 2417 1013 2473 preme·
1032 2415 1063 2448 20

114 2509 181 2558 rent
203 2498 315 2569 ecrius,
332 2508 460 2574 repente
484 2498 515 2555 in
537 2507 590 2557 eas
614 2507 687 2558 versa
710 2499 826 2571 fictilia,
843 2500 882 2558 de
901 2501 1013 2575 quibus

114 2610 206 2679 supra
218 2601 409 2660 mentienem
421 2601 561 2673 fecimus,
575 2602 674 2660 conici
687 2612 797 2678 coepta
810 2613 890 2662 sunt.
925 2604 1013 2677 Quae

114 2703 195 2765 iacta
221 2703 312 2763 initie
337 2713 431 2762 risum
458 2705 667 2781 pugnantibus
692 2705 887 2765 conciterunt
913 2725 1013 2782 neque

84 2815 208 2882 equare
229 2807 262 2865 id
282 2807 370 2865 fieret
389 2815 511 2882 poterat
532 2807 678 2884 intellegi.
724 2811 895 2884 Postquam
912 2819 1013 2868 autern

115 2918 208 2970 neves
225 2918 299 2969 suas
312 2909 453 2986 oppletas
469 2917 696 2986 censpexerunt
712 2913 918 2988 serpentibus,
933 2921 1013 2971 nova
1033 2930 1045 2962 2
1050 2929 1062 2979 5

115 3020 145 3071 re
170 3011 335 3090 perterriti,
364 3031 433 3070 cum
463 3013 537 3088 quid
566 3013 761 3089 potissimum
786 3024 919 3074 vitarent
951 3023 1012 3074 nen

156 3179 187 3214 ro
215 3165 363 3228 decliriti,
392 3165 512 3213 indicata.
528 3179 606 3227 -19
637 3167 665 3216 se
697 3166 851 3230 recepisset,
884 3168 998 3215 rediisset
1003 3184 1014 3225 ;

115 3251 190 3302 erant
220 3249 370 3311 conlocita,
394 3255 470 3296 erant
494 3251 668 3309 posita—21
697 3252 816 3316 repente,
844 3251 971 3298 subini—
985 3265 1014 3317 23

115 3331 292 3400 concitarunt,
309 3335 449 3382 manarunt.
