<?xml version="1.0" encoding="UTF-8"?>
<!DOCTYPE html PUBLIC "-//W3C//DTD XHTML 1.0 Transitional//EN"
    "http://www.w3.org/TR/xhtml1/DTD/xhtml1-transitional.dtd">
<html xmlns="http://www.w3.org/1999/xhtml" xml:lang="en" lang="en">
 <head>
  <title>
</title>
<meta http-equiv="Content-Type" content="text/html;charset=utf-8" />
  <meta name='ocr-system' content='tesseract 3.04.00' />
  <meta name='ocr-capabilities' content='ocr_page ocr_carea ocr_par ocr_line ocrx_word'/>
</head>
<body>
  <div class='ocr_page' id='page_1' title='image "./selectedlivesfr00nepogoog_0085.png"; bbox 0 0 2434 3720; ppageno 0'>
   <div class='ocr_carea' id='block_1_1' title="bbox 212 209 816 277">
    <p class='ocr_par' dir='ltr' id='par_1_1' title="bbox 212 209 816 277">
     <span class='ocr_line' id='line_1_1' title="bbox 212 209 816 277; baseline 0.003 -13"><span class='ocrx_word' id='word_1_1' title='bbox 212 209 243 264; x_wconf 77' lang='lat'>58</span> <span class='ocrx_word' id='word_1_2' title='bbox 503 215 721 268; x_wconf 84' lang='lat' dir='ltr'>AGESlLAUS.</span> <span class='ocrx_word' id='word_1_3' title='bbox 760 229 780 277; x_wconf 87' lang='lat'>1,</span> <span class='ocrx_word' id='word_1_4' title='bbox 794 230 816 267; x_wconf 85' lang='lat'>2.</span> 
     </span>
    </p>
   </div>
   <div class='ocr_carea' id='block_1_2' title="bbox 165 385 1143 3138">
    <p class='ocr_par' dir='ltr' id='par_1_2' title="bbox 210 385 1090 648">
     <span class='ocr_line' id='line_1_2' title="bbox 212 385 1088 463; baseline 0.005 -23"><span class='ocrx_word' id='word_1_5' title='bbox 212 385 373 457; x_wconf 65' lang='lat' dir='ltr'>Lysandri]</span> <span class='ocrx_word' id='word_1_6' title='bbox 390 385 586 461; x_wconf 86' lang='lat' dir='ltr'>suffragante,</span> <span class='ocrx_word' id='word_1_7' title='bbox 601 386 734 458; x_wconf 87' lang='lat' dir='ltr'>homine,</span> <span class='ocrx_word' id='word_1_8' title='bbox 749 396 782 445; x_wconf 92' lang='lat' dir='ltr'>ut</span> <span class='ocrx_word' id='word_1_9' title='bbox 798 385 988 446; x_wconf 89' lang='lat' dir='ltr'>ostendimus</span> <span class='ocrx_word' id='word_1_10' title='bbox 1004 393 1088 463; x_wconf 85' lang='lat' dir='ltr'>supra,</span> 
     </span>
     <span class='ocr_line' id='line_1_3' title="bbox 210 487 1090 567; baseline 0.003 -23"><span class='ocrx_word' id='word_1_11' title='bbox 210 487 344 546; x_wconf 82' lang='lat' dir='ltr'>factiose</span> <span class='ocrx_word' id='word_1_12' title='bbox 367 497 398 546; x_wconf 90' lang='lat' dir='ltr'>et</span> <span class='ocrx_word' id='word_1_13' title='bbox 420 487 457 545; x_wconf 90' lang='lat' dir='ltr'>iis</span> <span class='ocrx_word' id='word_1_14' title='bbox 479 488 668 564; x_wconf 83' lang='lat' dir='ltr'>temporibus</span> <span class='ocrx_word' id='word_1_15' title='bbox 691 497 826 565; x_wconf 88' lang='lat' dir='ltr'>potente,</span> <span class='ocrx_word' id='word_1_16' title='bbox 843 491 1004 567; x_wconf 83' lang='lat' dir='ltr'>Agesilaus</span> <span class='ocrx_word' id='word_1_17' title='bbox 1023 498 1090 548; x_wconf 89' lang='lat' dir='ltr'>ante-</span> 
     </span>
     <span class='ocr_line' id='line_1_4' title="bbox 211 590 362 648; baseline -0.007 -1"><span class='ocrx_word' id='word_1_18' title='bbox 211 590 291 648; x_wconf 90' lang='lat' dir='ltr'>latus</span> <span class='ocrx_word' id='word_1_19' title='bbox 307 599 362 648; x_wconf 91' lang='lat' dir='ltr'>est.</span> 
     </span>
    </p>

    <p class='ocr_par' dir='ltr' id='par_1_3' title="bbox 176 694 1118 1185">
     <span class='ocr_line' id='line_1_5' title="bbox 176 694 1093 773; baseline 0.003 -23"><span class='ocrx_word' id='word_1_20' title='bbox 176 701 197 760; x_wconf 86' lang='lat'><strong>2</strong></span> <span class='ocrx_word' id='word_1_21' title='bbox 255 695 316 751; x_wconf 92' lang='lat' dir='ltr'>Hic</span> <span class='ocrx_word' id='word_1_22' title='bbox 326 694 416 751; x_wconf 92' lang='lat' dir='ltr'>simul</span> <span class='ocrx_word' id='word_1_23' title='bbox 426 703 519 770; x_wconf 91' lang='lat' dir='ltr'>atque</span> <span class='ocrx_word' id='word_1_24' title='bbox 532 694 639 771; x_wconf 90' lang='lat' dir='ltr'>imperi</span> <span class='ocrx_word' id='word_1_25' title='bbox 651 705 767 772; x_wconf 89' lang='lat' dir='ltr'>potitus</span> <span class='ocrx_word' id='word_1_26' title='bbox 780 705 835 769; x_wconf 91' lang='lat' dir='ltr'>est,</span> <span class='ocrx_word' id='word_1_27' title='bbox 850 696 1003 773; x_wconf 91' lang='lat' dir='ltr'>persuasit</span> <span class='ocrx_word' id='word_1_28' title='bbox 1014 699 1093 754; x_wconf 84' lang='lat' dir='ltr'>Lace</span> 
     </span>
     <span class='ocr_line' id='line_1_6' title="bbox 211 796 1118 864; baseline 0 -10"><span class='ocrx_word' id='word_1_29' title='bbox 211 796 382 855; x_wconf 83' lang='lat' dir='ltr'>daemoniis</span> <span class='ocrx_word' id='word_1_30' title='bbox 402 806 434 855; x_wconf 91' lang='lat' dir='ltr'>ut</span> <span class='ocrx_word' id='word_1_31' title='bbox 453 798 604 857; x_wconf 86' lang='lat' dir='ltr'>exercitus</span> <span class='ocrx_word' id='word_1_32' title='bbox 624 798 797 864; x_wconf 88' lang='lat' dir='ltr'>emitterent</span> <span class='ocrx_word' id='word_1_33' title='bbox 813 799 844 856; x_wconf 92' lang='lat' dir='ltr'>in</span> <span class='ocrx_word' id='word_1_34' title='bbox 861 799 968 857; x_wconf 86' lang='lat' dir='ltr'>Asiam</span> <span class='ocrx_word' id='word_1_35' title='bbox 984 800 1118 862; x_wconf 82' lang='lat' dir='ltr'>bellum-5</span> 
     </span>
     <span class='ocr_line' id='line_1_7' title="bbox 210 901 1094 979; baseline 0 -23"><span class='ocrx_word' id='word_1_36' title='bbox 210 919 269 974; x_wconf 92' lang='lat' dir='ltr'>que</span> <span class='ocrx_word' id='word_1_37' title='bbox 282 907 345 976; x_wconf 86' lang='lat' dir='ltr'>regi</span> <span class='ocrx_word' id='word_1_38' title='bbox 356 901 502 973; x_wconf 81' lang='lat' dir='ltr'>facerent,</span> <span class='ocrx_word' id='word_1_39' title='bbox 517 902 632 960; x_wconf 84' lang='lat' dir='ltr'>docens</span> <span class='ocrx_word' id='word_1_40' title='bbox 645 902 741 960; x_wconf 91' lang='lat' dir='ltr'>satius</span> <span class='ocrx_word' id='word_1_41' title='bbox 754 921 823 960; x_wconf 90' lang='lat' dir='ltr'>esse</span> <span class='ocrx_word' id='word_1_42' title='bbox 836 902 867 959; x_wconf 89' lang='lat' dir='ltr'>in</span> <span class='ocrx_word' id='word_1_43' title='bbox 880 903 957 961; x_wconf 89' lang='lat' dir='ltr'>Asia</span> <span class='ocrx_word' id='word_1_44' title='bbox 969 920 1054 979; x_wconf 91' lang='lat' dir='ltr'>quarn</span> <span class='ocrx_word' id='word_1_45' title='bbox 1068 901 1094 957; x_wconf 91' lang='lat' dir='ltr'>in</span> 
     </span>
     <span class='ocr_line' id='line_1_8' title="bbox 212 1003 1095 1080; baseline 0.001 -21"><span class='ocrx_word' id='word_1_46' title='bbox 212 1004 333 1078; x_wconf 81' lang='lat' dir='ltr'>Eurupa</span> <span class='ocrx_word' id='word_1_47' title='bbox 346 1003 493 1063; x_wconf 86' lang='lat' dir='ltr'>dimicari.</span> <span class='ocrx_word' id='word_1_48' title='bbox 536 1007 678 1080; x_wconf 89' lang='lat' dir='ltr'>Namque</span> <span class='ocrx_word' id='word_1_49' title='bbox 693 1006 776 1063; x_wconf 82' lang='lat' dir='ltr'>lama</span> <span class='ocrx_word' id='word_1_50' title='bbox 792 1005 906 1064; x_wconf 87' lang='lat' dir='ltr'>exierat</span> <span class='ocrx_word' id='word_1_51' title='bbox 919 1008 1095 1064; x_wconf 85' lang='lat' dir='ltr'>Artaxerxen</span> 
     </span>
     <span class='ocr_line' id='line_1_9' title="bbox 211 1107 1095 1185; baseline -0.001 -23"><span class='ocrx_word' id='word_1_52' title='bbox 211 1115 388 1182; x_wconf 90' lang='lat' dir='ltr'>comparare</span> <span class='ocrx_word' id='word_1_53' title='bbox 410 1107 525 1165; x_wconf 90' lang='lat' dir='ltr'>classes</span> <span class='ocrx_word' id='word_1_54' title='bbox 548 1108 769 1183; x_wconf 62' lang='lat' dir='ltr'>pedestresque</span> <span class='ocrx_word' id='word_1_55' title='bbox 792 1108 952 1180; x_wconf 66' lang='lat' dir='ltr'>exercitus</span> <span class='ocrx_word' id='word_1_56' title='bbox 976 1107 1095 1185; x_wconf 78' lang='lat' dir='ltr'>quasin</span> 
     </span>
    </p>

    <p class='ocr_par' dir='ltr' id='par_1_4' title="bbox 176 1209 1135 1595">
     <span class='ocr_line' id='line_1_10' title="bbox 176 1209 1096 1286; baseline -0.003 -17"><span class='ocrx_word' id='word_1_57' title='bbox 176 1218 193 1269; x_wconf 81' lang='lat'><strong>2</strong></span> <span class='ocrx_word' id='word_1_58' title='bbox 211 1209 373 1267; x_wconf 83' lang='lat' dir='ltr'>Graeciam</span> <span class='ocrx_word' id='word_1_59' title='bbox 391 1209 533 1268; x_wconf 90' lang='lat' dir='ltr'>mitteret.</span> <span class='ocrx_word' id='word_1_60' title='bbox 580 1212 661 1268; x_wconf 92' lang='lat' dir='ltr'>Data</span> <span class='ocrx_word' id='word_1_61' title='bbox 678 1219 832 1286; x_wconf 91' lang='lat' dir='ltr'>potestate</span> <span class='ocrx_word' id='word_1_62' title='bbox 848 1220 936 1270; x_wconf 91' lang='lat' dir='ltr'>tanta</span> <span class='ocrx_word' id='word_1_63' title='bbox 951 1211 1096 1270; x_wconf 89' lang='lat' dir='ltr'>celeritate</span> 
     </span>
     <span class='ocr_line' id='line_1_11' title="bbox 211 1311 1135 1390; baseline 0.003 -20"><span class='ocrx_word' id='word_1_64' title='bbox 211 1321 283 1370; x_wconf 89' lang='lat' dir='ltr'>usus</span> <span class='ocrx_word' id='word_1_65' title='bbox 304 1322 352 1370; x_wconf 90' lang='lat' dir='ltr'>est</span> <span class='ocrx_word' id='word_1_66' title='bbox 374 1322 407 1371; x_wconf 90' lang='lat' dir='ltr'>ut</span> <span class='ocrx_word' id='word_1_67' title='bbox 433 1313 517 1389; x_wconf 92' lang='lat' dir='ltr'>prius</span> <span class='ocrx_word' id='word_1_68' title='bbox 544 1312 574 1370; x_wconf 89' lang='lat' dir='ltr'>in</span> <span class='ocrx_word' id='word_1_69' title='bbox 592 1313 698 1371; x_wconf 86' lang='lat' dir='ltr'>Asiam</span> <span class='ocrx_word' id='word_1_70' title='bbox 722 1333 790 1372; x_wconf 90' lang='lat' dir='ltr'>cum</span> <span class='ocrx_word' id='word_1_71' title='bbox 814 1314 912 1390; x_wconf 84' lang='lat' dir='ltr'>copiis</span> <span class='ocrx_word' id='word_1_72' title='bbox 935 1311 1098 1390; x_wconf 90' lang='lat' dir='ltr'>pervenerit</span> <span class='ocrx_word' id='word_1_73' title='bbox 1113 1338 1135 1372; x_wconf 88' lang='lat' dir='ltr'>ro</span> 
     </span>
     <span class='ocr_line' id='line_1_12' title="bbox 210 1415 1099 1492; baseline 0.001 -20"><span class='ocrx_word' id='word_1_74' title='bbox 210 1434 302 1490; x_wconf 89' lang='lat' dir='ltr'>quam</span> <span class='ocrx_word' id='word_1_75' title='bbox 324 1415 399 1492; x_wconf 86' lang='lat' dir='ltr'>regii</span> <span class='ocrx_word' id='word_1_76' title='bbox 422 1425 564 1491; x_wconf 86' lang='lat' dir='ltr'>satrapae</span> <span class='ocrx_word' id='word_1_77' title='bbox 584 1435 654 1474; x_wconf 90' lang='lat' dir='ltr'>eum</span> <span class='ocrx_word' id='word_1_78' title='bbox 675 1426 789 1475; x_wconf 89' lang='lat' dir='ltr'>scirent</span> <span class='ocrx_word' id='word_1_79' title='bbox 809 1418 991 1492; x_wconf 84' lang='lat' dir='ltr'>profectum.</span> <span class='ocrx_word' id='word_1_80' title='bbox 1036 1417 1099 1489; x_wconf 84' lang='lat' dir='ltr'>Qua</span> 
     </span>
     <span class='ocr_line' id='line_1_13' title="bbox 209 1519 1100 1595; baseline 0.001 -20"><span class='ocrx_word' id='word_1_81' title='bbox 209 1519 326 1576; x_wconf 82' lang='lat' dir='ltr'>factum</span> <span class='ocrx_word' id='word_1_82' title='bbox 356 1527 403 1576; x_wconf 91' lang='lat' dir='ltr'>est</span> <span class='ocrx_word' id='word_1_83' title='bbox 433 1528 467 1577; x_wconf 88' lang='lat' dir='ltr'>ut</span> <span class='ocrx_word' id='word_1_84' title='bbox 496 1526 604 1578; x_wconf 94' lang='lat' dir='ltr'>omnes</span> <span class='ocrx_word' id='word_1_85' title='bbox 637 1519 804 1595; x_wconf 82' lang='lat' dir='ltr'>imparatas</span> <span class='ocrx_word' id='word_1_86' title='bbox 838 1519 1100 1595; x_wconf 70' lang='lat' dir='ltr'>imprudentesque</span> 
     </span>
    </p>

    <p class='ocr_par' dir='ltr' id='par_1_5' title="bbox 176 1620 1141 2006">
     <span class='ocr_line' id='line_1_14' title="bbox 176 1620 1102 1698; baseline 0.001 -20"><span class='ocrx_word' id='word_1_87' title='bbox 176 1628 193 1678; x_wconf 89' lang='lat'><strong>3</strong></span> <span class='ocrx_word' id='word_1_88' title='bbox 210 1620 390 1680; x_wconf 86' lang='lat' dir='ltr'>offenderet.</span> <span class='ocrx_word' id='word_1_89' title='bbox 437 1622 474 1680; x_wconf 94' lang='lat' dir='ltr'>Id</span> <span class='ocrx_word' id='word_1_90' title='bbox 495 1631 528 1679; x_wconf 94' lang='lat' dir='ltr'>ut</span> <span class='ocrx_word' id='word_1_91' title='bbox 547 1622 693 1698; x_wconf 82' lang='lat' dir='ltr'>cognovit</span> <span class='ocrx_word' id='word_1_92' title='bbox 708 1622 944 1697; x_wconf 69' lang='lat' dir='ltr'>Tissaphernes</span> <span class='ocrx_word' id='word_1_93' title='bbox 963 1632 1015 1698; x_wconf 93' lang='lat' dir='ltr'>qui</span> <span class='ocrx_word' id='word_1_94' title='bbox 1030 1641 1102 1682; x_wconf 93' lang='lat' dir='ltr'>sum-</span> 
     </span>
     <span class='ocr_line' id='line_1_15' title="bbox 210 1724 1100 1802; baseline 0.003 -22"><span class='ocrx_word' id='word_1_95' title='bbox 210 1743 292 1781; x_wconf 91' lang='lat' dir='ltr'>mum</span> <span class='ocrx_word' id='word_1_96' title='bbox 309 1724 468 1801; x_wconf 88' lang='lat' dir='ltr'>imperium</span> <span class='ocrx_word' id='word_1_97' title='bbox 485 1733 549 1782; x_wconf 92' lang='lat' dir='ltr'>tum</span> <span class='ocrx_word' id='word_1_98' title='bbox 565 1725 644 1783; x_wconf 90' lang='lat' dir='ltr'>inter</span> <span class='ocrx_word' id='word_1_99' title='bbox 656 1725 830 1800; x_wconf 78' lang='lat' dir='ltr'>praefectos</span> <span class='ocrx_word' id='word_1_100' title='bbox 846 1725 982 1784; x_wconf 91' lang='lat' dir='ltr'>habebat</span> <span class='ocrx_word' id='word_1_101' title='bbox 998 1726 1100 1802; x_wconf 81' lang='lat' dir='ltr'>regios,</span> 
     </span>
     <span class='ocr_line' id='line_1_16' title="bbox 210 1826 1141 1904; baseline 0.005 -21"><span class='ocrx_word' id='word_1_102' title='bbox 210 1826 345 1899; x_wconf 87' lang='lat' dir='ltr'>indutias</span> <span class='ocrx_word' id='word_1_103' title='bbox 361 1837 379 1886; x_wconf 93' lang='lat' dir='ltr'>a</span> <span class='ocrx_word' id='word_1_104' title='bbox 396 1830 520 1886; x_wconf 85' lang='lat' dir='ltr'>Lacone</span> <span class='ocrx_word' id='word_1_105' title='bbox 536 1827 652 1904; x_wconf 88' lang='lat' dir='ltr'>petivit,</span> <span class='ocrx_word' id='word_1_106' title='bbox 670 1827 818 1886; x_wconf 77' lang='lat' dir='ltr'>simulans</span> <span class='ocrx_word' id='word_1_107' title='bbox 835 1835 867 1886; x_wconf 92' lang='lat' dir='ltr'>se</span> <span class='ocrx_word' id='word_1_108' title='bbox 884 1828 957 1886; x_wconf 93' lang='lat' dir='ltr'>dare</span> <span class='ocrx_word' id='word_1_109' title='bbox 973 1847 1101 1904; x_wconf 85' lang='lat' dir='ltr'>operam,</span> <span class='ocrx_word' id='word_1_110' title='bbox 1119 1852 1141 1904; x_wconf 81' lang='lat'>¹5</span> 
     </span>
     <span class='ocr_line' id='line_1_17' title="bbox 210 1931 1103 2006; baseline 0 -18"><span class='ocrx_word' id='word_1_111' title='bbox 210 1940 243 1988; x_wconf 92' lang='lat' dir='ltr'>ut</span> <span class='ocrx_word' id='word_1_112' title='bbox 268 1931 523 1990; x_wconf 86' lang='lat' dir='ltr'>Lacedaemoniis</span> <span class='ocrx_word' id='word_1_113' title='bbox 547 1950 616 1989; x_wconf 88' lang='lat' dir='ltr'>cum</span> <span class='ocrx_word' id='word_1_114' title='bbox 639 1938 710 2006; x_wconf 89' lang='lat' dir='ltr'>rege</span> <span class='ocrx_word' id='word_1_115' title='bbox 735 1939 922 2002; x_wconf 89' lang='lat' dir='ltr'>conveniret,</span> <span class='ocrx_word' id='word_1_116' title='bbox 947 1939 979 1989; x_wconf 90' lang='lat' dir='ltr'>re</span> <span class='ocrx_word' id='word_1_117' title='bbox 1006 1941 1103 1990; x_wconf 91' lang='lat' dir='ltr'>autem</span> 
     </span>
    </p>

    <p class='ocr_par' dir='ltr' id='par_1_6' title="bbox 165 2033 1103 2110">
     <span class='ocr_line' id='line_1_18' title="bbox 165 2033 1103 2110; baseline -0.001 -19"><span class='ocrx_word' id='word_1_118' title='bbox 165 2046 168 2051; x_wconf 86' lang='grc'><em>·</em></span> <span class='ocrx_word' id='word_1_119' title='bbox 209 2041 281 2092; x_wconf 88' lang='lat' dir='ltr'>vera</span> <span class='ocrx_word' id='word_1_120' title='bbox 311 2035 350 2092; x_wconf 89' lang='lat' dir='ltr'>ad</span> <span class='ocrx_word' id='word_1_121' title='bbox 380 2034 487 2110; x_wconf 79' lang='lat' dir='ltr'>capias</span> <span class='ocrx_word' id='word_1_122' title='bbox 517 2033 752 2109; x_wconf 68' lang='lat' dir='ltr'>comparandas</span> <span class='ocrx_word' id='word_1_123' title='bbox 784 2043 899 2108; x_wconf 89' lang='lat' dir='ltr'>easque</span> <span class='ocrx_word' id='word_1_124' title='bbox 932 2033 1103 2110; x_wconf 87' lang='lat' dir='ltr'>impetravit</span> 
     </span>
    </p>

    <p class='ocr_par' dir='ltr' id='par_1_7' title="bbox 175 2136 1143 2419">
     <span class='ocr_line' id='line_1_19' title="bbox 175 2136 1103 2212; baseline 0.001 -19"><span class='ocrx_word' id='word_1_125' title='bbox 175 2137 385 2195; x_wconf 84' lang='lat' dir='ltr'>4trimestres</span> <span class='ocrx_word' id='word_1_126' title='bbox 440 2137 556 2195; x_wconf 76' lang='lat' dir='ltr'>Iuravit</span> <span class='ocrx_word' id='word_1_127' title='bbox 585 2145 687 2195; x_wconf 90' lang='lat' dir='ltr'>autem</span> <span class='ocrx_word' id='word_1_128' title='bbox 717 2145 845 2212; x_wconf 92' lang='lat' dir='ltr'>uterque</span> <span class='ocrx_word' id='word_1_129' title='bbox 875 2143 908 2194; x_wconf 86' lang='lat' dir='ltr'>se</span> <span class='ocrx_word' id='word_1_130' title='bbox 938 2136 1005 2196; x_wconf 89' lang='lat' dir='ltr'>sine</span> <span class='ocrx_word' id='word_1_131' title='bbox 1035 2136 1103 2195; x_wconf 82' lang='lat' dir='ltr'>dole</span> 
     </span>
     <span class='ocr_line' id='line_1_20' title="bbox 209 2239 1103 2314; baseline 0.001 -18"><span class='ocrx_word' id='word_1_132' title='bbox 209 2239 344 2298; x_wconf 79' lang='lat' dir='ltr'>indutias</span> <span class='ocrx_word' id='word_1_133' title='bbox 367 2247 626 2298; x_wconf 79' lang='lat' dir='ltr'>cunservaturum.</span> <span class='ocrx_word' id='word_1_134' title='bbox 676 2241 714 2296; x_wconf 93' lang='lat' dir='ltr'>In</span> <span class='ocrx_word' id='word_1_135' title='bbox 737 2248 798 2314; x_wconf 92' lang='lat' dir='ltr'>qua</span> <span class='ocrx_word' id='word_1_136' title='bbox 820 2239 965 2314; x_wconf 84' lang='lat' dir='ltr'>pactione</span> <span class='ocrx_word' id='word_1_137' title='bbox 989 2248 1103 2297; x_wconf 89' lang='lat' dir='ltr'>summa</span> 
     </span>
     <span class='ocr_line' id='line_1_21' title="bbox 208 2341 1143 2419; baseline 0.003 -19"><span class='ocrx_word' id='word_1_138' title='bbox 208 2343 268 2401; x_wconf 87' lang='lat' dir='ltr'>fide</span> <span class='ocrx_word' id='word_1_139' title='bbox 285 2343 398 2401; x_wconf 88' lang='lat' dir='ltr'>mansit</span> <span class='ocrx_word' id='word_1_140' title='bbox 408 2342 588 2419; x_wconf 83' lang='lat' dir='ltr'>Agesilaus3</span> <span class='ocrx_word' id='word_1_141' title='bbox 613 2351 720 2400; x_wconf 91' lang='lat' dir='ltr'>contra</span> <span class='ocrx_word' id='word_1_142' title='bbox 736 2361 773 2400; x_wconf 91' lang='lat' dir='ltr'>ea</span> <span class='ocrx_word' id='word_1_143' title='bbox 788 2341 1016 2418; x_wconf 81' lang='lat' dir='ltr'>Tissaphernes</span> <span class='ocrx_word' id='word_1_144' title='bbox 1032 2342 1103 2400; x_wconf 90' lang='lat' dir='ltr'>nihil</span> <span class='ocrx_word' id='word_1_145' title='bbox 1120 2369 1143 2403; x_wconf 89' lang='lat'>20</span> 
     </span>
    </p>

    <p class='ocr_par' dir='ltr' id='par_1_8' title="bbox 175 2444 1142 3138">
     <span class='ocr_line' id='line_1_22' title="bbox 175 2444 1103 2522; baseline -0.003 -18"><span class='ocrx_word' id='word_1_146' title='bbox 175 2448 190 2496; x_wconf 86' lang='lat'>5</span> <span class='ocrx_word' id='word_1_147' title='bbox 209 2445 291 2504; x_wconf 86' lang='lat' dir='ltr'>aliud</span> <span class='ocrx_word' id='word_1_148' title='bbox 315 2464 406 2522; x_wconf 92' lang='lat' dir='ltr'>quam</span> <span class='ocrx_word' id='word_1_149' title='bbox 428 2445 542 2504; x_wconf 90' lang='lat' dir='ltr'>bellum</span> <span class='ocrx_word' id='word_1_150' title='bbox 565 2444 761 2520; x_wconf 89' lang='lat' dir='ltr'>comparavit.</span> <span class='ocrx_word' id='word_1_151' title='bbox 811 2445 849 2502; x_wconf 96' lang='lat' dir='ltr'>Id</span> <span class='ocrx_word' id='word_1_152' title='bbox 871 2453 931 2503; x_wconf 92' lang='lat' dir='ltr'>etsi</span> <span class='ocrx_word' id='word_1_153' title='bbox 953 2446 1103 2504; x_wconf 77' lang='lat' dir='ltr'>sentiebat</span> 
     </span>
     <span class='ocr_line' id='line_1_23' title="bbox 210 2548 1101 2624; baseline -0.003 -17"><span class='ocrx_word' id='word_1_154' title='bbox 210 2551 301 2621; x_wconf 84' lang='lat' dir='ltr'>Laco,</span> <span class='ocrx_word' id='word_1_155' title='bbox 325 2558 428 2606; x_wconf 92' lang='lat' dir='ltr'>tamen</span> <span class='ocrx_word' id='word_1_156' title='bbox 456 2548 666 2606; x_wconf 89' lang='lat' dir='ltr'>iusiurandum</span> <span class='ocrx_word' id='word_1_157' title='bbox 692 2548 836 2606; x_wconf 86' lang='lat' dir='ltr'>servabat</span> <span class='ocrx_word' id='word_1_158' title='bbox 860 2548 1051 2624; x_wconf 92' lang='lat' dir='ltr'>multumque</span> <span class='ocrx_word' id='word_1_159' title='bbox 1073 2548 1101 2604; x_wconf 94' lang='lat' dir='ltr'>in</span> 
     </span>
     <span class='ocr_line' id='line_1_24' title="bbox 209 2651 1102 2729; baseline -0.004 -18"><span class='ocrx_word' id='word_1_160' title='bbox 209 2660 246 2711; x_wconf 81' lang='lat' dir='ltr'>ee</span> <span class='ocrx_word' id='word_1_161' title='bbox 262 2659 295 2710; x_wconf 89' lang='lat' dir='ltr'>se</span> <span class='ocrx_word' id='word_1_162' title='bbox 310 2660 459 2727; x_wconf 85' lang='lat' dir='ltr'>consequi</span> <span class='ocrx_word' id='word_1_163' title='bbox 479 2651 612 2722; x_wconf 91' lang='lat' dir='ltr'>dicebat,</span> <span class='ocrx_word' id='word_1_164' title='bbox 630 2651 713 2726; x_wconf 92' lang='lat' dir='ltr'>quod</span> <span class='ocrx_word' id='word_1_165' title='bbox 729 2651 954 2726; x_wconf 79' lang='lat' dir='ltr'>Tissaphernes</span> <span class='ocrx_word' id='word_1_166' title='bbox 974 2651 1102 2729; x_wconf 84' lang='lat' dir='ltr'>periurio</span> 
     </span>
     <span class='ocr_line' id='line_1_25' title="bbox 209 2752 1101 2815; baseline -0.006 -1"><span class='ocrx_word' id='word_1_167' title='bbox 209 2764 265 2815; x_wconf 81' lang='lat' dir='ltr'>sua</span> <span class='ocrx_word' id='word_1_168' title='bbox 281 2765 311 2814; x_wconf 92' lang='lat' dir='ltr'>et</span> <span class='ocrx_word' id='word_1_169' title='bbox 327 2754 467 2813; x_wconf 91' lang='lat' dir='ltr'>homines</span> <span class='ocrx_word' id='word_1_170' title='bbox 491 2764 554 2812; x_wconf 91' lang='lat' dir='ltr'>suis</span> <span class='ocrx_word' id='word_1_171' title='bbox 577 2755 668 2813; x_wconf 86' lang='lat' dir='ltr'>rebus</span> <span class='ocrx_word' id='word_1_172' title='bbox 691 2753 880 2812; x_wconf 74' lang='lat' dir='ltr'>abalienaret</span> <span class='ocrx_word' id='word_1_173' title='bbox 901 2763 932 2812; x_wconf 92' lang='lat' dir='ltr'>et</span> <span class='ocrx_word' id='word_1_174' title='bbox 952 2755 1029 2814; x_wconf 79' lang='lat' dir='ltr'>deas</span> <span class='ocrx_word' id='word_1_175' title='bbox 1047 2752 1101 2812; x_wconf 93' lang='lat' dir='ltr'>sibi</span> 
     </span>
     <span class='ocr_line' id='line_1_26' title="bbox 209 2856 1142 2933; baseline -0.001 -16"><span class='ocrx_word' id='word_1_176' title='bbox 209 2867 303 2917; x_wconf 85' lang='lat' dir='ltr'>iratos</span> <span class='ocrx_word' id='word_1_177' title='bbox 319 2859 469 2924; x_wconf 83' lang='lat' dir='ltr'>redderet,</span> <span class='ocrx_word' id='word_1_178' title='bbox 487 2865 519 2916; x_wconf 91' lang='lat' dir='ltr'>se</span> <span class='ocrx_word' id='word_1_179' title='bbox 541 2865 643 2915; x_wconf 92' lang='lat' dir='ltr'>autem</span> <span class='ocrx_word' id='word_1_180' title='bbox 666 2864 848 2916; x_wconf 75' lang='lat' dir='ltr'>cunservata</span> <span class='ocrx_word' id='word_1_181' title='bbox 868 2856 1017 2933; x_wconf 82' lang='lat' dir='ltr'>religiane</span> <span class='ocrx_word' id='word_1_182' title='bbox 1037 2865 1101 2916; x_wconf 82' lang='lat' dir='ltr'>con·</span> <span class='ocrx_word' id='word_1_183' title='bbox 1117 2878 1142 2930; x_wconf 81' lang='lat'>25</span> 
     </span>
     <span class='ocr_line' id='line_1_27' title="bbox 207 2959 1100 3032; baseline -0.004 -13"><span class='ocrx_word' id='word_1_184' title='bbox 207 2963 331 3020; x_wconf 77' lang='lat' dir='ltr'>firmare</span> <span class='ocrx_word' id='word_1_185' title='bbox 344 2961 519 3032; x_wconf 87' lang='lat' dir='ltr'>exercitum,</span> <span class='ocrx_word' id='word_1_186' title='bbox 533 2979 603 3019; x_wconf 88' lang='lat' dir='ltr'>cum</span> <span class='ocrx_word' id='word_1_187' title='bbox 619 2959 877 3018; x_wconf 86' lang='lat' dir='ltr'>animadverteret</span> <span class='ocrx_word' id='word_1_188' title='bbox 888 2961 981 3018; x_wconf 91' lang='lat' dir='ltr'>deum</span> <span class='ocrx_word' id='word_1_189' title='bbox 993 2971 1100 3019; x_wconf 87' lang='lat' dir='ltr'>numen</span> 
     </span>
     <span class='ocr_line' id='line_1_28' title="bbox 207 3061 1098 3138; baseline -0.002 -16"><span class='ocrx_word' id='word_1_190' title='bbox 207 3067 310 3124; x_wconf 81' lang='lat' dir='ltr'>facere</span> <span class='ocrx_word' id='word_1_191' title='bbox 327 3072 439 3137; x_wconf 87' lang='lat' dir='ltr'>secum,</span> <span class='ocrx_word' id='word_1_192' title='bbox 457 3063 660 3138; x_wconf 90' lang='lat' dir='ltr'>hominesque</span> <span class='ocrx_word' id='word_1_193' title='bbox 680 3061 739 3120; x_wconf 94' lang='lat' dir='ltr'>sibi</span> <span class='ocrx_word' id='word_1_194' title='bbox 760 3062 916 3121; x_wconf 88' lang='lat' dir='ltr'>conciliari</span> <span class='ocrx_word' id='word_1_195' title='bbox 935 3064 1098 3134; x_wconf 81' lang='lat' dir='ltr'>amicieres,</span> 
     </span>
    </p>
   </div>
   <div class='ocr_carea' id='block_1_3' title="bbox 209 3194 1102 3344">
    <p class='ocr_par' dir='ltr' id='par_1_9' title="bbox 209 3194 1102 3344">
     <span class='ocr_line' id='line_1_29' title="bbox 250 3194 1102 3260; baseline -0.002 -15"><span class='ocrx_word' id='word_1_196' title='bbox 250 3197 266 3245; x_wconf 91' lang='lat'><strong>6</strong></span> <span class='ocrx_word' id='word_1_197' title='bbox 292 3195 422 3260; x_wconf 84' lang='lat' dir='ltr'>facerent,</span> <span class='ocrx_word' id='word_1_198' title='bbox 447 3197 661 3259; x_wconf 54' lang='lat' dir='ltr'>arescerent—13</span> <span class='ocrx_word' id='word_1_199' title='bbox 690 3194 844 3259; x_wconf 71' lang='lat' dir='ltr'>offenderet,</span> <span class='ocrx_word' id='word_1_200' title='bbox 865 3195 1102 3256; x_wconf 77' lang='lat' dir='ltr'>deprehenderet.-</span> 
     </span>
     <span class='ocr_line' id='line_1_30' title="bbox 209 3277 770 3344; baseline -0.009 -16"><span class='ocrx_word' id='word_1_201' title='bbox 209 3294 241 3340; x_wconf 85' lang='lat'>24</span> <span class='ocrx_word' id='word_1_202' title='bbox 258 3279 437 3344; x_wconf 58' lang='lat' dir='ltr'>abalienaret,</span> <span class='ocrx_word' id='word_1_203' title='bbox 450 3279 639 3326; x_wconf 71' lang='lat' dir='ltr'>inimicissimas</span> <span class='ocrx_word' id='word_1_204' title='bbox 651 3277 770 3324; x_wconf 83' lang='lat' dir='ltr'>redderet.</span> 
     </span>
    </p>
   </div>
   <div class='ocr_carea' id='block_1_4' title="bbox 0 0 1228 3716">
    <p class='ocr_par' dir='ltr' id='par_1_10' title="bbox 0 0 1228 3716">
     <span class='ocr_line' id='line_1_31' title="bbox 0 0 1228 3716; baseline 0 0"><span class='ocrx_word' id='word_1_205' title='bbox 0 0 1228 3716; x_wconf 95' lang='lat' dir='ltr'> </span> 
     </span>
    </p>
   </div>
  </div>
 </body>
</html>
