2434 3720
186 217 217 266 22
478 219 698 268 rnusaums.
736 233 756 276 κ,
771 233 792 284 3.

186 403 256 443 nem
272 384 383 444 cecidit
399 387 722 446 Lacedaemoniorum.
768 388 839 460 Que
854 388 938 446 facte
959 387 1093 448 domum

185 497 356 560 revocatus,
388 499 550 548 accusetus
582 489 692 566 capitis
725 489 902 563 absolvitur,
938 491 1093 550 multetur

185 601 288 650 tamen
318 591 469 666 pecunia:
514 610 605 668 quam
635 592 674 650 ob
713 611 838 650 causam
874 593 914 650 ad
952 593 1090 652 classem

185 703 331 752 remissus
355 677 418 752 ndu
444 703 500 752 est.

146 793 169 856 3
227 800 269 854 At
284 797 334 854 ille
350 806 421 873 post
437 804 499 855 nen
522 797 618 856 multe
641 806 697 856 sua
720 807 831 873 sponte
853 798 893 856 ad
915 799 1088 858 exercitum
1132 810 1147 860 5

185 899 276 958 rediit
291 908 322 958 et
338 899 380 958 ibi
392 907 453 958 nen
466 899 587 971 callide,
600 900 655 958 sed
669 900 803 958 dementi
815 901 934 959 ratiene
946 902 1088 978 cegiteta

185 1002 353 1079 patefecit:
376 1009 438 1061 nen
455 1002 537 1060 enim
553 1009 653 1061 meres
669 1002 786 1078 patries
799 1003 906 1074 selum,
920 1003 1086 1064 sedetiam

151 1107 169 1156 2
186 1106 300 1164 cultum
316 1115 521 1182 vestitumque
538 1105 674 1164 mirtevit.
710 1109 870 1182 Apparetir
882 1107 966 1183 regie
978 1109 1087 1168 sitebe-

185 1218 242 1280 tur,
253 1218 337 1267 veste
350 1207 474 1266 Medica
489 1231 494 1279 ;
516 1207 665 1267 satellites
679 1209 765 1266 Medi
777 1218 807 1266 et
819 1209 964 1286 Aegyptii
976 1219 1087 1286 seque-

185 1312 318 1370 bantur:
356 1311 539 1388 epulabetur
572 1318 655 1369 mere
693 1313 855 1370 Persarum
888 1312 1084 1385 luxuriesiuS,
1107 1330 1144 1366 10

152 1429 168 1480 3
186 1433 277 1490 quam
293 1423 345 1490 qui
361 1415 488 1472 aderant
504 1423 623 1491 perpeti
638 1423 766 1490 possent
781 1437 787 1484 3
818 1414 935 1473 aditum
953 1417 1086 1492 petenti-

185 1517 243 1575 bus
261 1516 501 1596 [conveniundi]
519 1524 581 1575 nen
598 1517 701 1587 dabat,
716 1517 847 1592 superbe
862 1519 1083 1593 respondebat,

186 1620 348 1678 cnideliter
382 1619 561 1695 impetebat.
622 1621 763 1696 Spartam
799 1619 898 1678 redire
934 1621 1084 1680 nolebat:

187 1723 331 1794 ColeneS,
349 1733 402 1799 qui
417 1723 503 1781 locus
521 1721 552 1779 in
577 1729 650 1798 agre
672 1723 700 1778 T
702 1722 795 1781 reade
818 1730 874 1793 est,
892 1729 925 1780 se
947 1725 1086 1782 contule-

186 1835 232 1884 rat
247 1851 253 1899 ;
276 1825 319 1884 ibi
335 1826 463 1885 censilia
479 1844 549 1883 cum
564 1825 680 1902 patriae
697 1834 762 1883 tum
774 1823 833 1883 sibi
849 1824 972 1884 inimica
984 1827 1085 1903 capie
1107 1840 1141 1893 15

152 1931 168 1979 4
185 1929 247 1987 bat.
283 1930 321 1987 Id
336 1938 499 2005 postquam
516 1927 755 1987 Lacedaemonii
771 1927 948 1999 rescierunt,
963 1929 1085 2005 legetes

185 2050 254 2089 cum
276 2031 364 2091 cleve
386 2033 425 2090 ad
448 2051 517 2090 eum
541 2038 696 2101 miserunt,
714 2030 745 2086 in
770 2038 831 2106 que
855 2038 938 2089 mere
962 2031 1085 2090 illerum

185 2146 250 2194 erat
271 2146 437 2213 scriptum:
465 2135 525 2194 nisi
543 2136 667 2194 domum
688 2141 897 2205 reverteretur,
916 2141 949 2192 se
971 2135 1084 2211 capitis

151 2246 255 2298 5eum
278 2236 485 2299 damnatrire'a
532 2241 603 2298 Hee
626 2237 733 2297 nuntie
755 2245 937 2310 commetus,
954 2245 1084 2314 sperens

186 2350 219 2402 se
235 2343 326 2401 etiam
342 2354 406 2402 tum
422 2341 553 2418 pecunia
569 2352 599 2400 et
613 2340 752 2419 potentie
771 2348 892 2399 instens
913 2341 1084 2416 periculum
1106 2361 1140 2396 20

185 2466 278 2522 posse
302 2447 464 2523 depellere,
489 2445 613 2504 domum
637 2443 735 2503 rediit.
782 2445 854 2502 Huc
876 2453 910 2502 ut
933 2443 1026 2515 venit,
1043 2445 1083 2503 ab

186 2550 309 2626 ephoris
325 2549 356 2606 in
368 2550 470 2607 vincla
485 2547 609 2626 publiea
624 2556 671 2606 est
692 2546 871 2606 coniectus:
906 2546 978 2606 licet
1000 2547 1083 2606 enim

185 2653 304 2729 legibus
320 2660 425 2711 eerum
441 2651 537 2710 cuivis
554 2650 670 2727 ephore
685 2649 745 2709 hec
760 2649 862 2708 facere
878 2657 951 2726 regi.
997 2650 1083 2708 Hine

186 2765 289 2814 tamen
310 2763 343 2814 se
364 2754 527 2832 expedivit,
545 2773 645 2830 neque
666 2761 704 2812 ee
724 2753 822 2830 magis
840 2753 966 2812 carebat
986 2763 1083 2831 suspi-

186 2858 296 2917 ciene:
324 2877 394 2916 nam
410 2857 515 2934 opinie
531 2856 675 2914 manebat
691 2874 759 2914 eum
783 2874 853 2914 cum
875 2863 946 2932 rege
968 2856 1082 2916 habere
1104 2880 1135 2932 25

152 2962 376 3022 6societetem.
431 2962 486 3019 Est
509 2978 607 3037 genus
634 2959 792 3034 quoddam
818 2957 976 3017 hominum
998 2960 1082 3036 quod

228 3115 243 3163 6
261 3115 389 3178 cegitita,
406 3114 599 3161 consilia-11
623 3111 739 3174 perpeti,
752 3111 876 3174 perferre.
886 3139 919 3147 -
929 3125 959 3171 14
977 3113 1006 3162 se
1023 3125 1083 3164 con-

186 3199 296 3262 tulerat,
304 3202 329 3244 se
341 3202 470 3257 receperat.
480 3224 514 3231 —
527 3208 555 3258 15
565 3208 624 3244 cum
638 3229 643 3239 .
657 3229 662 3239 .
677 3229 682 3240 .
693 3194 762 3256 tum,
777 3200 817 3240 et.
831 3229 836 3239 .
850 3201 937 3241 .et.-
948 3193 978 3242 16
987 3195 1084 3246 rescie-

185 3282 259 3347 runt,
272 3284 445 3344 ctigrrrriverunt.
454 3307 488 3314 —
498 3291 525 3324 21
547 3277 689 3339 depellere,
705 3277 865 3336 propulsare.
