2434 3720
209 233 241 284 54
503 195 717 282 Pacorrnns.
754 246 776 290 2,
789 246 812 298 3·

209 403 271 462 dux
291 412 356 462 erat
377 401 550 479 Pelopidas,
568 420 638 460 cum
654 401 786 460 Athenis
806 401 939 460 interdiu
958 411 1101 477 exissenc

209 515 242 564 ut
264 514 501 582 vesperascente
525 504 611 563 caele
634 504 760 562 Thebas
782 515 911 580 possent
934 516 1101 581 pervenire,

209 627 278 667 cum
299 608 428 667 canibus
448 607 598 666 venaticis
619 607 766 679 exierunt,
783 607 859 666 retia
880 608 1025 682 ferentes,
1042 629 1102 668 ves

208 720 266 770 titu
292 720 412 788 agresti,
440 718 502 786 qui>
528 710 645 769 minere
671 711 849 787 suspicione
873 711 1013 770 facerent
1039 712 1100 771 iter.

209 816 271 888 Qui
295 833 365 872 cum
396 823 533 890 tempore
560 813 628 890 ipse
650 820 713 891 que
737 814 927 887 studuerant,
951 816 1102 891 pervenis·
1133 837 1143 889 5

209 927 286 989 sent,
301 918 424 976 domum
440 917 592 976 Charenis
607 917 812 991 deverterunt,
826 927 844 977 a
860 925 921 995 qua
937 928 968 977 et
984 927 1101 996 tempus

208 1032 238 1081 et
254 1021 320 1080 dies
336 1031 400 1082 erat
415 1023 515 1081 datus.

172 1129 196 1190 3
252 1127 323 1184 Hac
344 1125 412 1184 loca
432 1123 507 1183 libet
522 1124 726 1200 interpenere,
743 1133 802 1185 etsi
820 1125 993 1186 seiunctum
1013 1128 1052 1186 ab
1072 1134 1100 1186 re

208 1229 365 1306 preposita
377 1238 433 1301 est,
446 1228 540 1286 nimia
551 1228 667 1287 fiducia
679 1238 814 1305 quantae
826 1229 994 1289 calamitati
1007 1231 1101 1290 soleat
1190 1257 1191 1289 r

208 1353 285 1394 esse.
337 1338 416 1393 Nam
440 1335 674 1412 magistratuum
696 1334 915 1394 Thebanerum
938 1335 1043 1394 statim
1064 1335 1101 1394 ad
1119 1352 1144 1387 10

208 1445 297 1498 aures
321 1439 460 1515 pervenit
485 1440 607 1498 exsules
632 1439 663 1498 in
691 1440 797 1498 urbem
821 1438 952 1499 venisse.
999 1438 1037 1496 Id
1060 1437 1101 1496 illi

201 1519 280 1605 'vine
302 1547 462 1623 epulisque
485 1547 581 1607 dediti
603 1566 701 1623 usque
723 1555 761 1607 ea
783 1547 991 1623 despexerunt
1011 1556 1043 1605 ut
1064 1552 1100 1604 ne

174 1651 355 1727 2quaerere
371 1651 495 1727 quidem
516 1651 555 1710 de
576 1659 664 1710 tanta
687 1657 718 1710 re
740 1649 916 1709 labararint.
962 1649 1101 1708 Accessit
1191 1649 1192 1680 l

208 1752 300 1812 etiam
316 1755 399 1830 quod
414 1754 511 1831 magis
530 1763 660 1831 aperiret
680 1761 784 1814 earum
803 1752 1000 1812 dementiam.
1045 1751 1101 1810 Ad·

208 1857 270 1916 lata
291 1867 339 1916 est
361 1857 443 1917 enim
465 1857 598 1934 epistula
616 1858 748 1916 Athenis
771 1857 809 1914 ab
822 1856 970 1915 ·Archine
993 1865 1046 1914 imi
1066 1874 1101 1913 ex
1119 1867 1143 1920 15

208 1962 265 2034 his,
283 1961 424 2034 Archiae,
441 1970 494 2037 qui
516 1971 580 2020 tum
603 1960 767 2020 maximum
790 1959 1003 2036 magistratum
1026 1960 1101 2018 The·

207 2065 256 2124 bis
277 2065 446 2136 obtinebat,
464 2064 495 2121 in
516 2073 577 2139 qua
599 2063 703 2122 omnia
724 2064 763 2122 de
785 2062 976 2140 protectione
999 2070 1101 2123 earum

208 2177 379 2244 perscripta
394 2178 489 2227 erant.
534 2167 622 2240 Quae
641 2186 710 2225 cum
729 2166 788 2225 iam
807 2167 971 2226 accubanti
988 2166 1019 2224 in
1035 2186 1102 2227 con·

208 2270 290 2331 vivia
312 2280 396 2330 esset
418 2271 498 2342 data,
523 2279 602 2329 sicut
624 2279 688 2329 erat
710 2278 840 2346 signata,
864 2270 921 2328 sub
945 2270 1102 2346 pulvinum

208 2373 363 2433 subiciens
377 2376 438 2431 “In
449 2373 645 2445 crastinum,''
657 2372 764 2448 inquit,
777 2372 910 2431 “differe
920 2379 969 2432 res
978 2373 1101 2441 serias.'’
1118 2391 1144 2426 20

174 2472 192 2523 3
209 2479 251 2534 At
270 2476 313 2534 illi
335 2484 451 2549 omnes,
468 2495 538 2535 cum
560 2475 621 2533 iarn
643 2495 704 2534 nox
726 2475 938 2552 precessisset,
955 2477 1102 2534 vinolenti

209 2581 248 2638 ab
260 2579 418 2638 exsulibus
430 2580 508 2638 duce
522 2578 671 2655 Pelopida
687 2589 759 2638 sunt
774 2578 937 2638 interlecti.
983 2579 1102 2653 Quibus

209 2683 300 2742 rebus
311 2685 471 2755 cenfectiS,
485 2682 576 2758 volge
589 2682 628 2741 ad
641 2701 724 2741 arma
736 2683 970 2757 libertatemque
983 2689 1100 2753 vocate,

209 2794 271 2845 nen
287 2786 385 2846 selum
402 2795 454 2862 qui
478 2787 508 2842 in
532 2786 606 2844 urbe
621 2795 717 2858 erant,
735 2785 899 2844 sedetiam
915 2785 1052 2861 undique
1067 2803 1102 2842 ex

208 2899 290 2965 agris
320 2897 548 2959 concurrerunt,
574 2888 760 2964 praesidium
788 2887 1101 2948 Lacedaemoniarum
1118 2891 1143 2945 25

209 3011 246 3049 ex
273 3011 342 3050 arce
368 2993 560 3068 pepulerunt,
585 2992 715 3067 patriam
739 2991 901 3050 obsidione
925 2991 1099 3062 liberarunt,

253 3155 266 3207 5
279 3143 449 3208 studuerant,
462 3145 601 3191 voluerant.
609 3143 662 3191 -8
675 3143 837 3208 seianctum,
849 3145 972 3192 alianum.
983 3158 1048 3192 -12
1060 3143 1103 3193 de-

209 3227 365 3291 spexerunt,
401 3231 607 3288 contempserunt.
620 3255 654 3263 -
668 3242 697 3287 14
736 3228 864 3292 aperiret,
899 3227 1103 3292 patefaceret.-

210 3322 242 3358 20
267 3309 412 3376 subiciens,
433 3314 666 3374 suppenens.—23
690 3311 779 3376 volgo,
794 3312 896 3374 popula
975 3347 996 3379 *a
