2434 3720
387 230 620 278 nocturnum.
657 244 679 287 2,
692 243 715 294 3.
966 231 999 280 31

103 396 325 472 Hipponicum,
357 397 493 456 omnium
522 399 642 457 Graecei
672 397 775 474 linguei
809 397 1000 474 loquentium

101 499 297 572 ditissimum,
315 509 356 573 ut,
376 509 402 559 si
428 501 495 577 ipse
522 501 636 577 fingere
662 502 763 573 vellet,
786 521 887 577 neque
913 501 1025 578 plina*⁴

99 605 185 663 bona
217 603 408 662 comminisci
439 623 540 680 neque
570 604 686 662 maiora
715 594 823 681 posset
851 612 1000 680 consequi

99 726 195 783 quam
209 707 258 765 vel
275 715 383 765 nitura
398 707 447 765 vel
462 707 586 766 fortuna
601 707 756 791 tribueret.

61 812 82 870 3
141 809 228 868 Bello
245 809 474 886 Peloponnesio
495 811 584 868 hirius
606 810 735 869 consilio
756 819 849 886 atque
872 811 1000 870 auctori·
1036 824 1049 877 5

99 922 163 972 trite
174 913 384 972 Athenienses
399 913 514 971 bellum
528 915 727 991 Syracusanis
740 913 915 972 indixerunt
929 939 935 986 ;
961 916 1000 973 ad

99 1016 184 1092 quod
199 1017 368 1092 gerendum
385 1017 450 1092 ipse
467 1017 528 1075 dux
544 1017 681 1074 delectus
694 1026 749 1088 est,
763 1017 825 1075 duo
840 1026 1000 1093 praeterea

66 1133 82 1183 2
98 1120 249 1196 conlegae
264 1120 337 1191 dati,
349 1119 456 1178 Nicias
472 1130 503 1177 et
519 1121 701 1178 Lamachus.
737 1120 775 1178 Id
790 1139 859 1178 cum
875 1129 1000 1196 appari·

99 1231 191 1294 retur,
206 1222 291 1298 prius
307 1242 399 1299 quam
415 1223 525 1282 classis
541 1232 645 1295 exiret,
660 1223 772 1281 accidit
788 1233 821 1280 ut
837 1233 897 1282 iniri
910 1232 1000 1282 nocte

99 1334 209 1385 omnes
229 1327 353 1385 hermae
375 1327 480 1403 quiin
501 1326 616 1403 oppido
638 1336 726 1385 erant
747 1327 886 1399 Athenis,
904 1327 1001 1385 deice·
1021 1347 1051 1382 10

99 1439 207 1488 rentur
228 1439 349 1504 praeter
375 1439 477 1500 imum,
504 1438 643 1505 quiante
668 1429 790 1487 iinuam
815 1438 880 1488 erat
899 1430 1001 1488 Ando-

99 1533 171 1591 cidi.
227 1535 338 1608 Itaque
361 1533 411 1591 ille
432 1541 541 1609 posteri
564 1531 734 1591 Mercurius
751 1531 907 1590 Andocidi
921 1532 1001 1590 voci-

65 1645 183 1696 3tritus
214 1645 271 1694 est.
318 1637 390 1694 Hoc
418 1654 488 1695 cum
518 1642 677 1711 appareret
703 1642 765 1694 non
792 1634 858 1693 sine
888 1644 1001 1712 migne

99 1739 267 1798 multorum
297 1738 502 1798 consensione
531 1757 600 1796 esse
623 1739 748 1810 iactum,
766 1757 845 1813 quae
874 1745 937 1796 non
961 1739 999 1796 ad

99 1850 260 1919 privatam,
278 1843 333 1900 sed
354 1843 394 1901 ad
416 1841 571 1918 publicam
593 1860 657 1900 rem
679 1842 853 1918 pertineret,
870 1851 1001 1919 maignus
1021 1860 1050 1913 15

99 1945 292 2004 multitudini
307 1945 397 2004 timor
413 1955 460 2004 est
475 1945 615 2018 iniectus,
633 1953 672 2004 ne
688 1965 748 2021 qua
771 1954 933 2022 repentina
955 1954 1001 2004 vis

100 2049 130 2108 in
162 2048 289 2107 civitite
315 2049 484 2122 exsisteret,
512 2068 591 2124 quae
618 2049 790 2108 libertatem
816 2048 1002 2125 opprimeret

66 2163 83 2210 4
100 2153 216 2229 populi.
264 2153 335 2211 Hoc
350 2151 481 2210 maxime
493 2161 657 2210 convenire
673 2152 909 2210 inAlcibiadem
920 2151 1001 2210 vide-

100 2258 201 2327 bitur,
224 2256 307 2330 quod
333 2264 364 2313 et
379 2250 534 2331 potentior
558 2267 589 2314 et
617 2255 713 2313 mitior
743 2275 835 2331 quam
864 2264 1001 2330 privatus

100 2358 356 2418 existimabitur:
379 2359 491 2417 multos
507 2359 588 2417 enim
609 2359 792 2418 liberrilitaite
814 2359 999 2430 devinxerat,
1020 2376 1052 2410 20

68 2469 82 2517 5
100 2464 204 2538 plures
220 2462 313 2520 etium
328 2471 421 2538 operi
436 2449 553 2521 forensi
569 2471 642 2522 suos
658 2463 841 2522 reddiderat.
888 2464 957 2536 Qui
969 2470 1008 2528 re

100 2566 200 2624 fiebat
215 2575 248 2624 ut
268 2565 403 2624 omnium
426 2567 540 2638 oculos
557 2567 830 2641 quotienscumque
853 2566 884 2623 in
907 2565 1002 2642 publi-

101 2687 172 2726 cum
188 2668 352 2744 prodisset,
370 2669 409 2726 ad
425 2676 458 2727 se
474 2678 667 2727 converteret
683 2687 784 2745 neque
800 2679 828 2728 ei
846 2678 901 2745 pir
922 2669 1002 2744 quis-

102 2791 196 2848 quam
212 2772 380 2830 incivitate
396 2779 568 2848 poneretur.
604 2775 713 2848 Itaque
730 2780 791 2830 non
806 2773 904 2830 solum
916 2791 1002 2849 spem

147 2979 161 3012 2
186 2963 366 3028 ditissimum,
396 2965 688 3026 opulentissimum.-4
714 2965 853 3029 tribueret,
884 2967 1002 3012 duret.-

105 3062 118 3109 7
145 3049 266 3098 delectus
296 3049 347 3111 esi,
378 3053 477 3095 creatus
505 3054 607 3109 esd—9
632 3048 727 3112 exiret,
750 3048 1003 3110 proficisceretur.-

108 3145 136 3178 12
163 3131 302 3182 vociffitus
325 3131 378 3193 est,
403 3131 550 3177 nutriuntur
578 3136 663 3176 est-
678 3144 706 3192 13
733 3132 886 3194 appeteret,
911 3137 1003 3178 constri-

105 3221 150 3262 ret.
160 3241 193 3249 -
204 3227 231 3275 17
247 3213 399 3277 exsisteret,
411 3218 572 3260 orer'e'tur.-
580 3226 610 3260 20
623 3212 793 3277 devinxerat,
803 3214 960 3276 obligaverat.
970 3240 1004 3250 -

107 3309 138 3357 24
156 3298 307 3366 poneretur,
321 3298 520 3347 existimaretur.
