2434 3720
358 272 639 321 EPAMINONDAS.
675 287 697 333 7,
709 273 732 322 8.
961 277 994 326 49

88 442 209 502 dietius
244 439 424 498 retinuisset
457 458 549 516 quam
581 440 647 517 lege
678 442 874 516 praefinitum
905 443 991 502 foret.

89 547 186 603 Hanc
203 542 437 620 Epaminendes
454 561 523 600 cum
541 552 585 601 rei
602 543 743 620 publicae
762 546 992 604 conservandae

87 657 186 708 cause
203 647 297 705 latam
312 645 439 717 videret,
457 646 496 705 ad
512 646 679 723 perniciem
699 648 833 707 civitatis
854 650 993 710 conferre

88 751 190 810 noluit
214 759 245 808 et
264 757 409 826 quattuor
428 748 586 808 mensibus
610 749 723 808 diutius
748 770 839 827 quarn
861 753 993 829 populus

88 857 233 926 iusserat,
251 855 347 931 gessit
367 854 534 931 imperium.
1030 873 1042 925 5

52 964 75 1023 8
131 961 306 1035 Postquam
322 958 447 1016 domurn
462 957 593 1016 reditum
609 967 665 1031 est,
683 959 830 1035 conlegae
850 958 915 1018 eius
934 960 993 1018 hoc

87 1061 220 1120 crimine
254 1061 489 1120 accusabantur.
548 1061 670 1137 Quibus
701 1061 751 1119 ille
787 1061 926 1138 permisit
960 1072 993 1122 ut

88 1182 217 1223 omnem
248 1182 374 1222 causam
405 1164 435 1221 in
466 1171 499 1223 se
525 1164 727 1224 transferrent
753 1173 869 1242 sueque
899 1175 992 1240 opere

87 1270 210 1326 factum
225 1268 449 1326 contenderent
466 1276 498 1325 ut
518 1267 578 1343 legi
598 1274 661 1326 non
684 1267 876 1326 oboedirent.
921 1269 992 1345 Que

89 1371 276 1430 defensione
299 1370 359 1428 illis
382 1371 519 1446 periculo
542 1371 679 1430 liberetis
703 1378 793 1430 neme
810 1373 992 1448 Epaminon·
1012 1395 1042 1430 10

89 1477 164 1534 darn
185 1481 404 1550 responsorum
424 1473 563 1550 putebat,
582 1473 673 1550 quod,
693 1473 768 1552 quid
784 1475 907 1546 diceret,
929 1483 991 1533 non

56 1579 229 1638 2haberet.
288 1579 330 1635 At
357 1576 407 1636 ille
434 1575 465 1633 in
493 1575 638 1635 iudicium
665 1576 757 1647 venit,
785 1576 860 1634 nihil
887 1585 992 1636 eerum

90 1680 217 1757 negevit
243 1699 322 1756 quae
343 1679 511 1738 adversarii
532 1679 651 1737 crimini
678 1679 802 1752 dabant,
826 1681 991 1756 omniaque

90 1805 171 1863 quae
195 1786 342 1862 conlegae
365 1787 514 1857 dixerant,
532 1785 694 1843 confessus
717 1794 764 1842 est
786 1803 887 1862 neque
911 1795 992 1843 rece-

90 1889 173 1950 sevit
195 1898 258 1966 quo
281 1890 381 1949 minus
405 1891 481 1968 legis
506 1909 638 1967 poenam
663 1891 787 1961 subiret,
815 1889 871 1949 sed
898 1899 991 1948 tinum
1013 1911 1042 1963 15

90 1995 131 2052 ab
161 1994 200 2051 iis
229 1993 345 2070 petivit,
378 2003 411 2052 ut
447 1995 478 2052 in
512 1993 653 2070 sepulcro
683 2001 739 2052 suo
769 1993 990 2051 inscriberent:

58 2097 356 2173 3“Epamin6ndes
385 2106 403 2156 e
435 2097 594 2156 Thebanis
631 2106 728 2154 morte
758 2095 905 2154 multetus
934 2105 989 2168 est,

91 2201 177 2276 quod
200 2207 254 2260 eos
280 2199 381 2276 coegit
408 2202 490 2278 apud
514 2203 646 2259 Leuctra
668 2207 811 2275 superero
839 2199 991 2259 Lacedae-

91 2307 223 2380 monies,
248 2314 326 2383 ques
350 2315 420 2364 ante
444 2313 478 2364 se
500 2305 715 2382 impereterem
739 2312 829 2364 nemo
853 2305 991 2364 Boeotio·

59 2419 75 2466 4
91 2431 157 2469 rum
175 2429 269 2469 ausus
285 2409 325 2468 sit
342 2410 480 2486 aspicere
497 2409 527 2467 in
545 2409 619 2481 acie,
637 2410 780 2484 quodque
797 2417 858 2468 imo
873 2409 991 2485 proelio
1011 2430 1041 2463 20

93 2522 155 2572 non
179 2513 277 2572 solum
301 2513 427 2572 Thebes
450 2514 489 2572 ab
513 2513 636 2571 interitii
658 2512 792 2584 retraxit,
816 2513 872 2571 sed
898 2513 990 2570 etiam

93 2617 266 2676 universam
283 2616 445 2675 Graeciam
467 2617 498 2674 in
520 2616 692 2675 libertatem
708 2615 876 2675 vindicavit
892 2621 990 2690 eeque

93 2729 141 2779 res
164 2727 362 2794 utrorumque
385 2719 526 2796 perduxit
551 2729 584 2777 ut
605 2720 748 2778 Thebeni
777 2721 917 2794 Spartam
940 2738 990 2793 op-

94 2833 275 2900 pugnarent,
309 2822 548 2881 Lacedaemonii
576 2822 651 2880 satis
680 2822 829 2880 haberent
859 2831 884 2880 si
915 2821 991 2879 salvi

63 2927 162 2986 5esse
192 2935 331 3003 possent,
359 2944 459 3002 neque
490 2925 573 3002 prius
603 2924 717 2983 bellare
747 2924 866 2983 destitit
899 2943 990 3000 quam
1009 2943 1040 2995 25

135 3131 148 3178 7
179 3117 314 3181 permisit,
345 3118 539 3177 commin—9
569 3115 768 3177 contenderent,
793 3115 990 3178 affirmarent,-

96 3201 258 3264 oboedirent,
266 3203 399 3262 pdrercnt.
407 3212 474 3245 -21
490 3197 614 3260 retrixit,
623 3199 862 3244 conservavit-22
876 3197 905 3245 in
912 3196 992 3246 liber-

97 3283 180 3333 utem
191 3280 356 3345 vindicavit,
370 3281 494 3328 liberavit.
504 3308 538 3316 -
548 3293 561 3326 2
566 3292 579 3344 5
597 3279 715 3343 destitit,
729 3280 873 3326 intermisit.
