2434 3720
434 215 639 263 HANNIBAL.
677 230 698 264 2.
981 214 1015 267 67

113 404 214 461 usque
230 392 248 443 a
263 385 356 443 rubra
372 393 447 441 mari
463 403 546 441 arma
560 390 689 442 canatus
709 383 748 442 sit
768 383 877 444 inferre
892 373 1012 442 ltaliae.

82 489 164 548 aAd
184 506 278 563 quem
298 506 367 545 cum
386 487 479 562 legati
495 486 652 544 venissent
669 487 810 557 Ramani,
827 495 878 560 qui
893 486 932 544 de
947 487 1013 545 eius

113 591 275 649 voluntate
306 590 500 665 explorarent
525 589 696 664 darentque
722 607 846 665 operam
876 588 1013 648 consiliis

113 694 327 764 clandestinis,
355 702 388 750 ut
416 691 625 750 Hannibalem
654 691 686 748 in
716 691 924 766 suspicianem
950 699 1014 768 regi

115 797 314 868 addacerent,
331 805 488 871 tamquam
505 796 542 853 ab
559 795 634 870 ipsis
653 803 829 870 corruptum
846 794 906 852 alia
921 804 1012 870 atque
1049 809 1062 864 5

115 908 207 958 antea
222 907 345 971 sentire,
361 917 460 974 neque
476 898 509 956 id
524 899 636 956 frustra
651 897 808 970 fecissent,
822 898 914 974 idque
929 899 1013 956 Han-

114 1003 200 1061 nibal
230 1002 432 1078 comperisset
461 1008 555 1076 seque
585 1002 623 1059 ab
653 1000 849 1060 interiaribus
876 1001 1012 1060 cansiliis

115 1111 270 1180 segregari
295 1103 433 1175 vidisset,
460 1111 598 1178 tempore
625 1103 698 1161 dato
726 1102 801 1161 adiit
830 1103 870 1160 ad
898 1110 1010 1180 regem,

84 1209 205 1282 3eique
229 1225 298 1264 cum
321 1207 417 1265 multa
439 1207 477 1265 de
499 1206 560 1264 fide
583 1215 638 1265 sua
660 1215 691 1265 et
714 1205 786 1264 odio
804 1205 834 1263 in
853 1208 1012 1265 Romanos

116 1318 394 1382 commemorasset,
418 1309 478 1368 hac
500 1309 651 1368 adianxit:
693 1310 813 1367 “Pater
834 1311 951 1381 meus,”
969 1309 1011 1366 in·
1032 1333 1061 1368 10

116 1413 189 1489 quit,
209 1420 227 1446 ‘⁶
239 1413 404 1485 Hamilcar,
430 1412 558 1488 puerulo
584 1419 640 1485 me,
666 1421 773 1489 utpote
795 1419 857 1471 nan
881 1412 1011 1488 amplius

116 1535 226 1574 novem
253 1523 351 1574 annas
377 1523 459 1587 nato,
486 1515 517 1572 in
546 1515 731 1591 Hispaniam
757 1515 921 1592 imperator
946 1536 1012 1592 pro-

115 1620 256 1678 ficiscens
280 1619 482 1696 Karthagine,
508 1621 575 1677 Iovi
597 1618 715 1694 optima
738 1618 871 1678 maximo
894 1619 1011 1679 hostias

85 1723 100 1772 4
116 1722 292 1782 immolavit.
323 1723 411 1794 Quae
422 1723 527 1780 divina
538 1729 586 1780 res
598 1722 671 1782 dum
682 1723 909 1796 canficiebatur,
921 1743 1011 1799 quae·

116 1825 185 1885 sivit
204 1834 222 1884 a
240 1833 288 1884 me
306 1826 457 1884 vellemne
476 1832 579 1884 secum
599 1825 629 1884 in
649 1836 750 1886 castra
766 1827 928 1902 proficisci.
974 1828 1011 1885 ld
1032 1855 1061 1906 15

116 1948 184 1988 cum
199 1930 332 1989 libenter
347 1931 536 2007 accepissem
555 1939 647 2007 atque
663 1932 701 1989 ab
717 1938 755 1989 eo
771 1939 874 2006 petere
896 1930 1011 2006 coepis-

117 2051 179 2091 sem
195 2041 234 2092 ne
249 2033 405 2093 dubitaret
420 2034 541 2106 dacere,
555 2042 620 2092 tum
636 2034 694 2106 ille,
709 2033 886 2105 “Faciam’'
900 2033 1008 2109 inquit,

118 2143 165 2195 “si
181 2136 256 2194 mihi
271 2137 372 2209 fidem,
390 2157 481 2213 quam
502 2137 634 2213 postulo,
651 2137 804 2196 dederis.'’
850 2136 946 2194 Simul
961 2144 1009 2196 me

117 2240 152 2298 ad
171 2249 256 2299 aram
275 2239 401 2299 adduxit
427 2241 509 2316 apud
527 2260 618 2316 quam
638 2240 809 2299 sacrificare
828 2240 1008 2312 instituerat,

117 2361 243 2419 eamque
259 2350 369 2402 ceteris
385 2351 509 2403 remotis
525 2352 682 2402 tenentem
702 2343 800 2402 iurare
819 2343 907 2402 iussit
925 2363 1009 2400 num·
1029 2372 1059 2406 20

87 2443 205 2521 ⁵quam
228 2454 276 2504 me
299 2447 330 2503 in
353 2446 486 2505 amicitia
509 2465 577 2505 cum
600 2449 750 2506 Ramanis
771 2447 845 2504 iore.
892 2447 929 2505 Id
952 2466 1008 2522 ego

117 2547 323 2608 itisirirandum
347 2558 426 2625 patri
450 2550 556 2608 datum
582 2569 679 2626 usque
707 2551 746 2608 ad
772 2551 852 2609 hanc
876 2559 1009 2609 aetatem

117 2649 157 2726 ita
178 2661 358 2712 canservavi
381 2663 414 2711 ut
433 2653 547 2711 nemini
566 2654 693 2712 dubium
711 2673 780 2712 esse
799 2654 911 2712 debeat
934 2663 1006 2730 quin

88 2755 231 2831 ereiiquo
250 2766 388 2831 tempore
407 2756 515 2815 eadem
533 2766 636 2815 mente
655 2757 712 2815 sim
731 2758 859 2815 iuturus
906 2757 1008 2830 Quare

118 2857 141 2914 si
156 2859 227 2934 quid
244 2866 341 2918 amica
356 2860 394 2917 de
412 2862 563 2919 Romanis
579 2860 737 2937 cogitabis,
756 2868 817 2919 non
837 2859 1008 2935 impruden·
1028 2887 1040 2920 2
1045 2886 1058 2936 5

118 2968 160 3018 ter
174 2961 292 3034 leceris,
310 2969 400 3020 sime
417 2963 543 3034 celaris3
567 2982 635 3021 cum
652 2963 777 3038 quidem
792 2963 906 3021 bellum
924 2972 1008 3038 para·

155 3112 170 3161 8
193 3115 337 3179 segregari,
356 3116 547 3164 exclude-10
564 3117 808 3180 commemorasset,
828 3120 1009 3163 narrasset.-

121 3193 147 3241 18
163 3195 541 3262 fidem,i12si12randum.-19
559 3197 727 3263 instituerat,
740 3205 920 3259 coeperat-2
923 3209 937 3262 5
954 3200 1009 3248 nan

117 3275 304 3346 imprudenter,
316 3282 451 3342 sapienter.
