2434 3720
362 248 659 298 ruaursrocuas.
694 247 718 305 8,
731 263 754 311 9.
975 247 1005 299 17

107 417 177 474 simi
190 415 246 473 viri
259 424 368 492 captus
383 415 592 474 misericordie
605 416 686 474 diem
699 425 883 491 noctemque
898 415 1004 492 procul

108 519 147 577 ab
170 518 272 576 insule
298 517 330 575 in
354 518 420 577 salo
447 527 556 576 nivem
582 519 680 576 tenuit
705 518 736 575 in
760 527 881 576 ancoris
904 537 1004 595 neque

108 640 297 697 quemquam
312 640 349 679 ex
364 631 401 680 ee
417 630 498 680 exire
516 639 628 696 passus
643 630 699 679 est.
746 621 825 678 Inde
848 621 1004 696 Ephesum

107 724 249 800 pervenit
271 723 375 800 ibique
391 723 633 782 Themistoclem
651 723 796 800 expenit:
819 723 868 781 cui
883 723 933 782 ille
948 731 1004 800 pro

107 828 224 886 meritis
240 837 348 904 posteat
363 827 493 904 gretiam
508 827 632 886 rettulit.
1040 843 1054 895 5

67 929 91 989 9
151 930 222 989 Scio
234 930 399 1006 pleresque
412 930 455 988 ita
467 929 637 1006 scripsisse,
648 929 890 988 Themistoclem
901 932 1004 989 Xerxe

107 1040 256 1110 regnante
273 1033 304 1091 in
320 1033 426 1091 Asiam
442 1041 600 1092 transisse.
647 1033 708 1091 Sed
731 1052 788 1109 ego
810 1032 1004 1109 potissimum

106 1135 284 1214 Thucydidi
306 1136 407 1208 credo,
432 1136 516 1212 quod
538 1146 569 1195 et
591 1145 692 1195 aetite
716 1135 872 1212 proximus
898 1137 937 1195 de
966 1136 1004 1195 iis

107 1247 161 1315 qui
175 1239 297 1297 illerum
312 1248 484 1315 temporum
499 1239 658 1299 historiam
674 1240 869 1316 reliquerunt,
881 1249 912 1298 et
927 1239 1003 1299 eius-

106 1343 178 1401 dem
194 1340 327 1401 civitetis
343 1342 409 1401 tuit.
448 1345 480 1401 Is
497 1353 599 1402 autem
615 1343 657 1402 ait
673 1344 712 1401 ad
728 1346 917 1402 Artaxerxen
934 1361 1004 1401 eum
1024 1367 1053 1402 10

71 1457 89 1508 2
105 1445 230 1504 venisse
251 1455 344 1521 atque
359 1446 407 1504 his
423 1447 524 1505 verbis
547 1446 711 1522 epistulam
733 1446 873 1505 misisse:
899 1446 1004 1504 “The-

106 1548 264 1607 mistocles
287 1555 357 1607 veni
379 1549 419 1608 ad
441 1557 480 1621 te,
505 1558 557 1626 qui
583 1549 712 1625 phirima
738 1550 819 1607 mala
844 1548 1003 1607 hominum

106 1651 270 1711 Graiorum
296 1650 327 1708 in
353 1652 479 1710 domum
505 1662 589 1711 tuam
615 1652 712 1724 intuli,
737 1671 829 1728 quam
853 1653 905 1725 diii
928 1652 1003 1709 mihi

106 1773 237 1813 necesse
258 1753 317 1812 fuit
338 1739 502 1813 adversum
523 1765 642 1832 patrem
664 1765 750 1814 tuum
775 1755 890 1814 bellare
913 1754 1004 1832 patri-

72 1871 218 1935 3amque
242 1878 341 1918 meam
365 1837 540 1920 defendere.
587 1853 674 1920 idem
696 1861 791 1920 multo
814 1863 901 1938 plura
920 1862 1003 1921 bona
1024 1881 1053 1932 15

105 1963 176 2036 feci,
193 1972 358 2040 postquam
381 1963 412 2022 in
435 1972 501 2023 tute
517 1964 582 2041 ipse
605 1974 635 2023 et
656 1964 706 2022 ille
728 1964 758 2021 in
779 1965 915 2040 periculo
934 1985 1003 2024 esse

106 2065 219 2142 coepit.
264 2068 345 2124 Nam
361 2086 430 2126 cum
452 2067 484 2124 iu
507 2067 615 2125 Asiam
637 2077 747 2125 reverti
768 2067 869 2139 vellet,
886 2068 1003 2144 proelio

107 2169 191 2245 apud
208 2169 364 2228 Salamina
378 2172 461 2229 facto
480 2170 589 2228 litteris
611 2188 681 2228 eum
704 2170 863 2229 certiorem
885 2171 946 2230 feci
972 2171 1003 2230 id

107 2281 165 2349 agi,
188 2281 221 2331 ut
243 2279 322 2348 pens
339 2291 429 2348 quem
445 2273 477 2330 in
495 2273 702 2348 Hellesponto
717 2273 841 2345 fecerat,
857 2273 1003 2332 dissolve-

106 2383 189 2435 retur
211 2383 304 2450 atque
327 2376 365 2434 ab
388 2375 530 2434 hostibus
557 2374 782 2434 circumiretur:
810 2385 871 2452 que
895 2377 1003 2437 nuntio
1023 2395 1054 2429 20

72 2485 89 2534 4
107 2478 157 2537 ille
173 2479 310 2554 periculo
325 2489 373 2537 est
388 2479 544 2538 liberatus.
591 2481 682 2537 Nunc
702 2489 804 2538 autem
825 2481 949 2556 ceniugi
964 2481 1004 2540 ad

107 2589 137 2641 te
154 2581 326 2658 exagitatus
342 2590 484 2640 ecuncte
507 2583 647 2655 Graecia,
664 2593 748 2641 tuam
771 2591 880 2660 petens
903 2584 1003 2642 amici-

109 2685 200 2744 tiam:
223 2705 315 2760 quam
336 2695 362 2744 si
381 2694 434 2745 ere
453 2687 592 2762 adeptus,
610 2694 670 2745 nen
694 2687 795 2744 minus
818 2695 866 2746 me
888 2687 1004 2745 bonum

108 2797 241 2846 amicum
256 2788 386 2847 habebis
402 2807 494 2864 quam
506 2789 617 2847 fortem
630 2789 784 2847 inimicum
798 2790 848 2848 ille
861 2800 1004 2865 expertus

108 2900 164 2950 est.
219 2893 266 2950 Te
289 2900 391 2950 autem
413 2899 496 2968 roge,
514 2901 547 2950 ut
570 2893 607 2950 de
630 2892 667 2949 iis
689 2893 780 2951 rebus
803 2902 880 2968 ques
902 2899 1003 2952 tecum
1024 2907 1054 2959 25

153 3078 162 3112 1
178 3066 286 3129 captus,
294 3069 433 3126 permotus.
443 3093 476 3100 —
487 3079 501 3127 3
516 3077 613 3128 passus
625 3066 677 3129 est,
687 3067 813 3126 permisit.
823 3079 879 3125 -7
892 3064 1006 3129 potissi-

110 3159 193 3213 mum,
210 3149 332 3196 nrdxime.
342 3176 375 3183 -—
387 3161 417 3195 ro
434 3147 483 3211 ait,
501 3148 576 3195 dr'cit..
588 3176 622 3183 -
633 3162 658 3194 rr
680 3147 837 3212 epistulam,
856 3149 962 3196 litteriis.
972 3176 1005 3183 -

114 3244 142 3291 14
158 3231 312 3295 adversum,
330 3235 425 3278 contra.
436 3231 587 3296 —bellire,
603 3232 692 3278 bellum
705 3248 799 3294 gerere.
809 3260 842 3267 —
852 3245 881 3279 22
898 3233 1004 3295 citncti,

112 3317 238 3363 riniversa'.
249 3343 282 3351 -
293 3328 322 3378 23
337 3316 462 3379 adeptus,
477 3322 572 3362 nactus.
