2434 3720
366 197 650 246 nrnnrnounns.
685 212 707 256 2,
721 213 744 263 3.
968 200 1001 250 43

99 365 199 443 nyma,
218 373 272 441 qui
292 371 355 422 non
375 363 491 423 minare
513 363 572 423 fuit
594 363 625 422 in
648 365 772 423 inusicis
792 364 889 442 gloria
909 385 1000 441 quam

100 471 227 527 Damon
250 477 303 526 aut
326 470 485 543 Lamprus
503 475 632 543 quorum
655 469 833 545 pervolgata
855 478 927 527 sunt
949 477 1000 528 no-

99 571 193 643 mina,
212 579 338 629 cantare
359 570 442 629 tibiis
465 571 504 628 ab
525 570 754 649 Olympiodriro,
772 571 883 630 saltare
898 581 916 630 a
933 573 1000 631 Cal-

64 675 252 750 21iphrone.
312 676 353 731 At
385 673 600 750 philosophiae
633 681 863 750 praeceptorem
892 675 1000 734 habuit

100 777 207 856 Lysim
231 777 441 848 Tarentinum,
466 777 713 854 Pythagoreum:
737 777 785 835 cui
807 777 932 853 quidem
955 787 999 837 sic
1036 795 1049 847 5

98 881 157 938 fuit
171 879 296 938 daditus
308 889 341 936 ut
356 879 537 938 adulescens
553 887 670 938 tristem
686 889 723 939 ac
738 861 877 939 severum
892 900 998 939 senem

99 983 246 1042 omnibus
262 981 443 1058 aequalibus
462 991 525 1040 suis
543 982 573 1039 in
593 981 800 1041 familiaritate
816 993 999 1059 anteposue-

99 1087 151 1156 rit;
173 1104 275 1161 neque
291 1084 375 1161 prius
391 1103 460 1143 eum
476 1093 494 1144 a
510 1092 543 1143 se
559 1085 675 1152 dimisit
691 1105 782 1162 quarn
798 1086 829 1142 in
852 1087 1002 1145 doctrinis

100 1196 188 1248 tanti)
219 1187 387 1246 antecessit
416 1187 646 1264 condiscipulos
676 1197 709 1247 ut
742 1189 832 1247 facile
864 1189 999 1267 intellegi

99 1301 208 1369 posset
237 1300 302 1367 pari
332 1291 425 1349 modo
454 1299 666 1367 superaturum
691 1299 799 1350 omnes
829 1291 860 1349 in
890 1299 998 1350 ceteris
1020 1319 1049 1352 10

68 1395 228 1457 3artibus
283 1397 385 1470 Atque
411 1394 489 1452 haec
515 1395 555 1452 ad
580 1404 717 1453 nostram
744 1395 999 1454 consuetudinem

101 1508 173 1557 sunt
195 1497 275 1557 levia
298 1507 329 1556 et
349 1497 453 1574 potius
475 1499 721 1570 conternnenda;
749 1507 780 1557 at
803 1498 834 1555 in
857 1499 996 1572 Graecia,

68 1601 208 1678 tutique
230 1600 311 1673 olim,
328 1609 459 1676 magnae
480 1601 563 1671 laudi
583 1611 678 1660 erant.
725 1603 893 1678 Postquam
909 1602 999 1677 epha-

101 1705 159 1764 bus
172 1716 219 1764 est
231 1705 332 1762 factus
349 1713 379 1763 et
394 1704 566 1780 palaestrae
581 1705 654 1764 dare
669 1723 795 1781 operam
810 1705 920 1781 coepit,
935 1712 997 1764 nan

101 1818 164 1865 tarn
189 1807 393 1885 magnitudini
418 1807 525 1867 virium
552 1809 677 1867 servivit
703 1827 795 1884 quarn
821 1807 976 1867 velocitati
992 1791 1000 1866 :⁵
1019 1830 1047 1882 15

101 1910 184 1968 illam
207 1911 289 1969 enim
311 1895 354 1970 adv
372 1912 555 1970 athletarum
579 1889 675 1985 asum,
692 1912 773 1970 hanc
795 1911 835 1968 ad
856 1911 929 1969 belli
951 1930 998 1969 ex·

102 2013 259 2073 istimabat
279 2013 441 2080 utilitatem
462 2014 624 2090 pertinere.
670 2017 779 2090 ltaque
799 2005 998 2072 exercebatur

102 2117 263 2192 plurimum
279 2117 430 2176 currendi>
442 2126 472 2175 et
484 2118 631 2177 lactanda
644 2117 683 2176 ad
695 2136 763 2176 eurn
775 2117 880 2189 linem,
895 2117 998 2192 quoad

72 2232 87 2280 5
103 2228 187 2278 stans
203 2220 366 2295 complecti
381 2229 488 2296 posset
504 2231 595 2296 atque
610 2221 806 2280 contendere.
852 2222 889 2277 In
906 2229 997 2278 armis

103 2329 172 2381 varo
188 2322 349 2399 plurimum
366 2323 448 2381 studi
463 2324 672 2382 cansamebat.
1016 2346 1047 2380 20

33 2465 40 2484 .
69 2433 89 2492 3
143 2427 193 2484 Ad
214 2427 296 2484 hanc
319 2425 456 2501 corporis
477 2426 654 2485 firmitatem
677 2427 763 2502 plura
787 2425 879 2484 etiam
903 2425 997 2484 animi

103 2528 184 2586 bona
210 2538 412 2587 accesserant.
459 2530 531 2588 Erat
554 2529 636 2587 enirn
661 2530 827 2601 modestus
852 2529 995 2605 prudens

103 2631 210 2706 gravis,
239 2631 428 2708 temporibus
459 2631 614 2707 sapienter
643 2639 739 2704 utens,
769 2640 885 2707 peritus
914 2631 995 2703 belli,

104 2734 189 2792 fortis
209 2743 310 2806 manu,
329 2734 432 2792 anima
451 2733 591 2804 maximo,
609 2735 688 2794 adei)
708 2734 846 2794 raritatis
867 2734 997 2810 diligans

75 2845 135 2895 2ut
159 2845 197 2896 ne
223 2837 293 2896 ioca
320 2837 443 2912 quidem
469 2845 657 2898 mentiratur.
710 2827 798 2897 ldem
824 2838 996 2911 continens,
1017 2860 1046 2912 25

105 2939 235 2999 clamans
261 2940 445 3016 patiensque
476 2941 688 3000 admirandum
714 2941 746 3010 in
772 2941 905 3012 modum,
934 2948 996 2999 non

106 3043 198 3101 solum
219 3044 333 3120 populi,
352 3043 407 3102 sed
430 3043 522 3102 etiarn
546 3052 712 3103 amicorum
735 3046 838 3103 ferans
861 3043 995 3117 iniurias

146 3200 155 3232 r
175 3186 269 3250 gldrii,
282 3187 403 3244 lauda-¹⁶
414 3201 439 3233 11
461 3187 691 3251 consuetudinem,
704 3191 836 3235 neares-
846 3200 874 3249 13
892 3185 996 3255 utique,

106 3269 276 3333 saltem-24
292 3269 395 3338 animi),
408 3271 502 3317 virtute
509 3285 521 3332 ,·
546 3269 672 3338 diligaris,
685 3276 785 3320 amans.
