2434 3720
479 786 882 902 erminonem.-
947 813 948 816 κ

177 983 200 1040 1
258 987 506 1058 ΕΡΑΜῑΝόΝυᾸε,
525 985 715 1064 Polymnidis
729 986 822 1059 filius
840 986 1016 1046 Thebanus.
1059 986 1100 1042 De

215 1088 274 1146 hric
293 1087 471 1163 priusquam
490 1088 659 1162 scribimus,
676 1090 754 1147 haec
773 1088 991 1165 praecipienda
1009 1088 1102 1146 viden·

214 1200 264 1249 tur
285 1190 458 1264 lecturibus,
483 1199 521 1250 ne
544 1191 661 1251 alienus
684 1199 783 1251 mures
808 1193 848 1250 ad
872 1199 946 1251 suris
968 1193 1102 1260 referant,

215 1301 292 1351 neve
314 1313 351 1352 ea
382 1313 461 1369 quae
486 1293 562 1370 ipsis
586 1294 700 1352 levirira
722 1304 803 1367 sunt,
827 1304 893 1370 pari
915 1296 1007 1355 modu
1029 1291 1104 1370 apud

181 1404 336 1459 2ceterris
357 1396 455 1456 fuisse
477 1397 670 1456 arbitrentur.
725 1399 845 1481 Scimus
869 1398 951 1456 enim
975 1397 1105 1456 musicen
1135 1405 1144 1456 5

215 1508 329 1558 nostris
350 1499 485 1558 muribus
506 1501 616 1568 abesse
636 1509 654 1558 ri
674 1501 821 1576 principis
842 1509 983 1576 persemi,
1001 1500 1105 1559 saltere

215 1610 287 1662 veru
303 1601 395 1661 etiam
411 1603 441 1659 in
454 1603 535 1661 vitiis
550 1611 645 1679 puni:
669 1622 747 1679 quae
763 1603 865 1661 omnia
881 1605 964 1680 apud
977 1605 1106 1670 Graecus

181 1707 246 1764 3et
274 1714 362 1782 grata
391 1714 421 1764 et
450 1706 541 1764 laude
570 1707 662 1782 digna
688 1706 849 1765 ducuntur.
906 1708 986 1765 Cum
1012 1715 1107 1765 autem

216 1809 385 1885 exprimere
403 1796 567 1885 imaginem
587 1809 818 1868 cunsuetudinis
839 1818 931 1884 atque
946 1819 1028 1868 vitae
1043 1809 1107 1867 veii-

130 1895 133 1898 ’
216 1932 284 1970 mus
300 1913 541 1988 Epaminundae
556 1900 632 1970 nihil
644 1899 782 1970 videmur
797 1895 910 1970 debere
926 1911 1107 1988 praetermit-
1124 1924 1146 1957 ¹0

182 2023 199 2072 4
216 2026 279 2074 tere
301 2016 385 2091 quod
405 2015 558 2092 pertineat
578 2016 618 2073 ad
639 2034 707 2072 eam
728 2015 956 2074 declarandam.
1010 2017 1107 2088 Quare

216 2119 353 2177 dicemus
369 2128 499 2194 primum
518 2119 556 2177 de
574 2136 686 2194 genere
705 2116 779 2188 eius,
797 2116 910 2176 deinde
927 2118 1039 2194 quibus
1054 2117 1108 2176 dis-

216 2223 338 2298 ciplinis
362 2232 392 2281 et
415 2231 434 2281 ῑῑ
458 2222 569 2297 quibus
593 2220 633 2280 sit
656 2220 802 2290 eruditus
826 2230 891 2278 tum
915 2221 954 2280 de
978 2221 1109 2280 muribus

216 2325 382 2402 ingenique
397 2324 598 2383 facultatibus
613 2333 644 2382 et
659 2332 685 2382 si
701 2342 762 2398 qua
780 2322 840 2380 alia
857 2323 1005 2383 memorie
1021 2325 1109 2402 digna

217 2439 313 2501 erunt,
339 2434 495 2504 postremi)
522 2427 560 2485 de
587 2427 678 2485 rebus
701 2434 806 2502 gestis,
832 2445 911 2501 quae
935 2435 954 2485 εἰ
978 2427 1109 2504 plurimis
1126 2435 1147 2488 ¹5

217 2531 311 2590 animi
326 2539 556 2606 anteponuntur
570 2529 741 2588 virtutibus
821 2509 823 2514 Ι

182 2639 204 2698 2
259 2637 360 2693 Nitus
379 2633 470 2710 igitur
487 2642 573 2708 patre
590 2640 651 2708 qus)
672 2631 813 2704 diximus,
838 2650 951 2709 genere
972 2634 1107 2702 honesti),

216 2756 332 2814 pauper
348 2738 408 2794 iam
424 2745 442 2794 ῑι
456 2734 623 2794 maioribus
641 2735 765 2792 relictus
783 2743 837 2806 est,
856 2734 994 2793 eruditus
1013 2747 1108 2794 autem

217 2850 261 2899 sic
276 2850 309 2898 ut
333 2847 423 2898 nemu
439 2838 608 2896 Thebanus
627 2837 733 2913 magis.
779 2839 859 2894 Nam
879 2845 910 2895 et
933 2837 1108 2897 citharizare

217 2953 247 3003 et
267 2951 392 3002 cantare
413 2943 452 2999 ad
473 2940 656 2998 chordarum
677 2958 786 2997 sonum
806 2939 917 2998 doctus
935 2951 984 3000 est
1003 2951 1022 3000 ei
1044 2941 1108 2999 Die
1124 2955 1147 2989 20

250 3119 266 3166 4
281 3106 368 3169 mods),
383 3107 486 3152 retiam.
493 3102 547 3150 -6
559 3103 653 3152 abesse
664 3103 691 3165 i,
703 3103 839 3150 abhorrere
850 3107 873 3148 ᾶ.
882 3130 916 3137 -
925 3116 952 3149 11
968 3104 1107 3167 pertineat,

216 3191 329 3237 attineat.
338 3215 373 3223 —
382 3186 580 3248 declirandam,
599 3185 784 3232 ostendendam.
792 3213 826 3220 -
836 3197 865 3249 15
882 3186 1030 3252 postrfimfi,
1048 3188 1108 3235 de'ni·

216 3287 272 3334 que.
279 3299 313 3306 -
320 3282 348 3330 17
367 3269 457 3319 nitus
468 3268 521 3330 est,
534 3273 605 3313 ortus
615 3273 657 3313 est.
664 3293 698 3300 —
706 3280 738 3314 20
755 3268 872 3330 cantire,
883 3281 982 3316 canere.
