2434 3720
494 914 782 1002 PAUSANIAS.

158 1157 180 1217 1
237 1146 420 1204 Psosmrrxs
450 1147 715 1206 Lacedaemonius
745 1157 874 1225 magnus
902 1149 1005 1222 homo,
1036 1151 1097 1210 sed

194 1248 296 1306 varius
312 1249 343 1306 in
359 1259 443 1307 omni
457 1269 569 1326 genere
585 1259 666 1308 vitae
684 1250 762 1308 fuit:
785 1269 857 1308 nam
880 1261 914 1309 ut
927 1251 1097 1312 virtsrtibus

194 1350 297 1422 etexit,
315 1361 359 1410 sic
373 1351 456 1410 vitiis
477 1361 524 1410 est
539 1353 676 1411 obrutus
723 1352 826 1411 Hoius
841 1353 1096 1414 inlr'rstrissimum

159 1463 243 1512 2est
267 1455 418 1530 proelium
447 1455 529 1530 apud
560 1455 712 1514 Plataeas.
759 1457 901 1533 Namque
930 1457 984 1516 illo
1013 1458 1095 1517 duce

195 1557 387 1630 Mardonius,
412 1565 551 1632 satrapes
574 1557 685 1635 regius
713 1558 840 1641 natione
866 1559 990 1632 Medus,
1012 1561 1095 1638 regis
1134 1580 1147 1632 5

193 1679 296 1737 gener,
314 1661 345 1718 in
367 1669 472 1736 primis
495 1660 631 1716 omnium
655 1662 817 1719 Persarum
832 1670 863 1719 et
887 1671 979 1720 mam]
1003 1662 1095 1721 fortis

194 1772 225 1821 et
247 1763 357 1822 consili
378 1763 497 1838 plenus,
519 1781 589 1819 cum
619 1763 761 1821 ducentis
790 1763 914 1822 milibus
943 1765 1092 1840 peditum,

194 1874 272 1942 quos
297 1865 409 1923 viritim
437 1866 560 1940 legerat,
588 1873 619 1922 et
644 1865 753 1942 viginti
779 1865 916 1943 equitum
942 1867 1027 1926 haud
1050 1868 1094 1926 ita
1155 1909 1157 1914 -

194 1978 305 2046 magna
324 1978 416 2026 mansi
432 1967 581 2026 Graeciae
601 1968 725 2044 fugatus
745 1977 801 2040 est,
818 1976 918 2044 eoque
941 1969 1008 2046 ipse
1031 1971 1093 2028 dux

159 2084 176 2132 3
193 2073 307 2131 cecidit
318 2071 444 2148 proelio.
485 2071 555 2143 Qua
568 2071 696 2130 victoria
709 2071 808 2129 elatus
819 2071 951 2146 plorima
963 2072 1091 2132 miscere
1114 2093 1144 2128 ro

194 2175 296 2251 coepit
311 2186 342 2233 et
357 2174 472 2232 maiora
493 2182 722 2249 concupiscere.
768 2174 829 2232 Sed
850 2183 982 2249 primum
1003 2175 1034 2234 in
1055 2183 1092 2234 eo

194 2288 242 2337 est
257 2278 471 2354 reprehensus,
489 2276 572 2351 quod
594 2295 632 2333 ex
653 2276 769 2351 praeda
791 2276 944 2352 tripodem
967 2297 1091 2337 aureum

196 2383 325 2458 Delphis
355 2379 511 2456 posuisset
540 2378 760 2455 epigrammate
790 2387 939 2456 inscripto
969 2390 1000 2439 in
1031 2388 1092 2458 quo

194 2487 271 2544 haec
300 2495 366 2543 erat
395 2481 572 2542 sententia:
615 2489 672 2541 suo
702 2482 796 2540 ductii
827 2483 977 2542 barbaros
1010 2484 1091 2560 apud

195 2589 337 2647 Plataeas
360 2605 429 2645 esse
452 2584 572 2643 deletos
594 2583 721 2659 eiusque
744 2583 890 2643 victoriae
911 2593 985 2662 ergo
1001 2585 1091 2662 Apol·
1112 2608 1141 2660 15

159 2692 248 2749 tlini
279 2693 395 2750 donum
424 2687 558 2746 dedisse.
618 2688 688 2745 Hos
717 2697 823 2745 versos
853 2689 1091 2748 Lacedaemonii

194 2796 429 2870 exsculpserunt
458 2808 559 2865 neque
588 2788 671 2846 aliud
700 2797 889 2865 scripserunt
919 2810 1012 2867 quam
1042 2799 1091 2852 no

194 2898 278 2956 mina
292 2906 398 2956 earum
414 2893 571 2952 civitatum
592 2900 718 2968 quarum
740 2892 853 2976 aprilio
872 2894 986 2953 Persae
1007 2903 1092 2954 erant

194 3010 275 3059 victi.

240 3166 250 3200 1
265 3154 391 3214 magnus,
405 3148 531 3196 inlastris.
542 3175 575 3182 -
587 3159 600 3194 2
619 3145 720 3212 varius,
734 3148 888 3196 inconstans.
900 3147 961 3198 -8
979 3151 1090 3214 legerat,

195 3239 326 3301 delegerat.
334 3249 392 3298 —9
403 3233 517 3297 fugitus
529 3233 581 3295 est,
590 3234 745 3294 prfflegratus
756 3241 799 3281 est.
807 3263 840 3270 —
850 3249 879 3282 10
891 3235 999 3301 cecidit,
1007 3239 1091 3299 periit.

194 3352 229 3360 -
240 3337 270 3389 15
281 3325 354 3388 ergo,
366 3325 451 3370 causa.
459 3345 493 3354 -
505 3331 532 3377 17
546 3318 759 3382 exsculpserunt,
772 3321 926 3368 deleverunt.
