2434 3720
359 247 655 296 runmrsrociss
693 245 750 312 5,s
970 245 1000 295 13

101 415 328 475 Themistocles
351 422 460 474 verens
481 421 519 474 ne
541 414 656 472 bellare
679 420 898 490 persevereret,
914 413 1000 472 certi·

100 528 185 579 erem
208 538 278 577 eum
300 518 374 577 lecit
389 517 421 576 id
436 527 495 594 agi,
515 527 548 576 ut
563 525 643 593 pens
659 536 749 593 quem
770 517 820 575 ille
843 516 874 574 in
896 516 999 575 Helle

100 629 215 698 sponte
243 622 368 693 fecerat,
392 620 611 679 dissolveretur
639 629 677 679 ec
705 619 805 678 reditri
834 619 865 676 in
892 619 999 678 Asiam

65 725 322 797 2exclirderetur‚
347 723 440 799 idque
462 732 491 782 ei
513 722 675 800 persuasit.
721 725 831 798 Itaque
858 731 919 798 que
945 741 998 781 sex

99 827 261 887 mensibus
276 827 333 886 iter
347 827 472 899 fecerat,
490 826 599 885 eedem
622 825 724 884 minus
744 825 853 884 diebus
874 825 998 903 trigintai
1034 839 1047 891 5

98 932 130 989 in
159 931 266 989 Asiam
292 949 434 988 reversus
460 937 508 987 est
533 936 628 1004 seque
654 937 672 988 ai
699 927 908 987 Themistocle
935 936 998 988 non

64 1037 287 1110 3superetum‚
312 1033 368 1092 sed
392 1039 609 1092 conservatum
633 1030 788 1090 iiidicevit.
835 1032 997 1090 Sicinius

98 1137 156 1194 viri
171 1135 335 1211 prudentie
351 1134 483 1194 Graecia
505 1134 635 1194 libereta
650 1143 698 1192 est
714 1135 916 1210 Europaeque
932 1153 998 1193 suc·
1081 1127 1085 1151 ’

99 1238 207 1297 cubuit
231 1237 315 1296 Asia.
371 1239 461 1296 Haec
484 1246 533 1296 est
556 1237 652 1295 altera
675 1236 803 1296 victoria
825 1255 904 1312 quae
928 1256 997 1295 cum

100 1341 300 1400 Marathonio
324 1340 423 1417 possit
449 1349 621 1416 compareri
646 1347 783 1416 tropaeo.
828 1343 908 1398 Nam
930 1349 997 1416 pari
1017 1361 1047 1397 10

99 1445 193 1503 modo
209 1445 292 1521 apud
308 1444 463 1503 Salamina
474 1451 570 1520 parve
583 1450 710 1502 numere
726 1442 849 1503 navium
866 1443 997 1502 maxima

97 1557 170 1624 post
186 1547 345 1605 hominum
360 1546 538 1606 memoriam
554 1547 663 1606 classis
679 1555 726 1605 est
742 1547 871 1607 devicta.

58 1653 81 1712 6
141 1653 277 1727 Megnus
292 1650 352 1709 hec
367 1649 450 1710 belle
465 1650 691 1710 Themistocles
706 1650 764 1709 fuit
780 1669 880 1726 neque
898 1649 997 1710 minor

98 1754 129 1811 in
144 1762 232 1830 pece.
279 1755 357 1813 Cum
373 1752 456 1811 enim
472 1753 634 1813 Phalerico
655 1763 746 1829 portis
768 1773 869 1829 neque
884 1761 996 1831 megne

97 1960 211 2036 triplex
226 1961 326 2017 Piraei
341 1968 448 2034 portus
464 1959 651 2018 censtitutus
668 1970 715 2019 est
731 1959 818 2037 isque
835 1960 995 2020 moenibus

97 2062 315 2134 circumdatus,
327 2071 361 2120 ut
373 2061 472 2137 ipsam
485 2062 591 2120 urbem
607 2062 757 2139 dignitate
773 2063 993 2139 aequiperaret,

62 2167 230 2225 umilitate
267 2174 435 2242 superaret.
493 2157 583 2225 Idem
618 2174 721 2226 mines
758 2167 995 2226 Atheniensium

96 2268 232 2329 restituit
258 2268 424 2345 praecipue
454 2275 511 2329 sue
540 2270 685 2345 periculo.
730 2271 872 2346 Namque
903 2273 996 2329 Lace-

96 2372 254 2432 daemonii
269 2390 394 2431 causam
410 2371 554 2431 idoneam
567 2382 649 2431 nacti
661 2383 785 2449 propter
795 2374 994 2433 barbarorum
1014 2389 1045 2424 20

96 2475 383 2550 excursionesque
406 2483 555 2551 negarent
576 2483 716 2551 oportere
739 2485 824 2536 extre
847 2477 995 2554 Pelopon-

96 2587 206 2638 nesum
229 2577 322 2636 ullam
345 2577 452 2638 urbem
473 2585 576 2638 mirros
598 2576 720 2651 habere,
739 2587 777 2639 ne
800 2590 905 2639 essent
927 2580 995 2638 loca

97 2690 215 2740 munita
242 2699 321 2757 quae
341 2681 448 2740 hostes
468 2682 671 2759 possiderent,
689 2683 896 2742 Athenienses
915 2683 994 2742 aedi·

65 2785 227 2843 3ficantes
257 2784 419 2861 prohibere
450 2794 522 2844 sunt
551 2792 662 2844 cerreti.
713 2788 784 2845 Hoc
813 2787 903 2862 longe
933 2786 994 2846 alie

97 2889 260 2964 spectebat
277 2897 369 2965 atque
385 2887 482 2946 videri
496 2887 651 2946 volebant.
689 2888 897 2948 Athenienses
912 2889 994 2947 enim
1013 2903 1044 2955 25

140 3075 150 3110 1
169 3061 279 3119 bellete,
296 3061 386 3108 bellum
397 3076 491 3122 gerere.
501 3061 683 3112 -certiorem
700 3075 762 3112 eum
780 3061 856 3127 fecit,
872 3067 898 3110 εἰ
909 3065 995 3112 minti·

97 3147 156 3192 civit.
166 3157 224 3208 —3
242 3142 444 3208 dissolveretur,
458 3144 690 3192 r'nterscinderitur.
700 3171 733 3180 -·
744 3157 757 3208 5
770 3145 822 3195 iter
834 3143 943 3210 fecerat,
957 3151 995 3194 ve-

98 3235 246 3289 nerat—9
269 3225 365 3290 altera,
387 3227 588 3274 secunda-10
612 3228 770 3291 comparem,
792 3228 993 3292 conferri—13

98 3314 221 3375 magnus,
239 3310 360 3372 egregius.
370 3336 401 3345 -
413 3323 445 3358 20
462 3309 546 3373 nacti,
559 3311 648 3371 adepti.
658 3337 692 3345 —
703 3324 715 3356 2
720 3322 732 3374 5
748 3310 844 3374 videri,
861 3316 994 3372 apperire.
