2434 3720
199 241 233 291 36
484 247 717 297 meramors.
752 251 775 307 6,
789 265 812 312 7.

199 409 321 485 publice
343 411 434 483 bona,
454 411 609 490 iidemque
631 414 674 472 illi
697 417 898 495 Eumolpidae
920 425 1090 484 sacerdotes

199 522 303 570 rirrsus
326 523 481 573 resacrere
504 526 577 575 sunt
602 526 702 577 coecti
726 529 778 596 qui
801 541 870 580 eum
899 525 1090 601 devoverant,

198 615 340 691 pilaeque
363 615 432 675 illae
458 617 489 675 in
510 619 621 696 quibus
648 621 772 682 devetie
797 625 899 686 fuerat
925 639 1047 707 scripta,
1063 632 1091 690 in

198 737 282 776 mare
297 719 527 796 praecipitatae.

160 823 182 882 7
241 823 331 880 Haec
351 822 505 883 Alcibiadi
528 825 645 884 laetitia
668 835 731 886 nen
751 829 843 890 nimis
865 833 925 892 fuit
942 835 1091 898 diuturna.
1123 851 1133 904 5

199 926 280 982 Nam
296 943 365 983 cum
381 935 409 984 ei
425 935 533 986 omnes
549 939 654 988 essent
674 931 808 991 honeres
831 935 947 996 decreti
969 948 1094 1018 totaque

198 1035 246 1086 res
261 1028 386 1104 priblica
404 1030 487 1088 domi
505 1031 639 1108 bellique
662 1035 784 1108 tredita,
801 1046 834 1096 ut
857 1049 947 1100 tinius
970 1044 1093 1105 arbitrie

196 1138 361 1207 gereretur,
381 1142 412 1190 et
427 1132 493 1208 ipse
511 1136 702 1210 postulasset
726 1147 760 1196 ut
781 1139 843 1198 duo
866 1143 926 1201 sibi
949 1148 1094 1226 conlegae

198 1234 352 1307 darentur,
387 1236 599 1314 Thrasybulus
635 1249 666 1298 et
699 1241 893 1318 Adimantus,
928 1267 1031 1327 neque
1064 1251 1094 1311 id

198 1345 343 1414 negetum
372 1347 463 1411 esset,
495 1340 595 1399 classe
624 1341 655 1399 in
682 1343 790 1402 Asiam
819 1349 987 1425 proiectus,
1014 1355 1094 1430 quod
1112 1375 1137 1410 ιο

198 1442 281 1516 apud
304 1443 422 1520 Cymen
445 1441 546 1502 minus
566 1463 603 1502 ex
628 1448 783 1507 sententie
806 1469 869 1509 rem
892 1467 1041 1530 gesserat,
1064 1458 1094 1516 in

163 1543 345 1602 2invidiam
367 1544 502 1604 reccidit.
558 1547 642 1606 Nihil
672 1549 754 1608 enim
784 1571 853 1611 eum
882 1563 945 1615 nen
976 1561 1094 1620 efficere

196 1665 289 1723 posse
316 1647 480 1708 ducebant.
526 1651 571 1708 Ex
595 1659 655 1726 que
681 1643 778 1713 fiebat
807 1666 841 1714 ut
868 1660 972 1718 omnia
995 1663 1095 1723 minus

197 1758 344 1827 prespere
373 1761 461 1828 gesta
491 1753 599 1829 culpae
629 1754 806 1830 tribuerent,
838 1778 907 1818 cum
942 1773 995 1824 aut
1027 1785 1094 1826 eum

198 1855 396 1930 neglegenter
411 1864 463 1914 aut
479 1855 631 1916 malitiese
646 1858 758 1919 fecisse
775 1861 973 1937 loquerentur
987 1892 993 1941 ;
1018 1879 1095 1929 sicut
1111 1889 1136 1942 ις

197 1967 262 2018 turn
278 1959 409 2019 accidit:
432 1979 504 2018 nam
519 1969 695 2037 corruptum
711 1971 729 2021 e
751 1971 822 2040 rege
844 1984 954 2043 capere
978 1973 1093 2050 Cimen

163 2063 334 2122 3neluisse
350 2065 528 2141 arguebant.
575 2065 685 2139 Itaque
705 2065 777 2124 huic
799 2068 929 2129 maixime
951 2083 1093 2148 putemus

198 2167 279 2226 male
294 2166 390 2226 fuisse
406 2166 530 2225 nimiam
545 2165 722 2243 opinienem
736 2167 840 2246 ingeni
852 2181 944 2248 atque
957 2175 1093 2238 virtirtis:

198 2270 361 2329 timebitur
387 2270 468 2329 enim
495 2278 556 2329 nen
587 2269 688 2329 minus
718 2291 809 2348 quam
838 2274 1032 2354 diligebetur,
1057 2289 1094 2341 ne

198 2373 336 2433 secunde
359 2374 482 2433 fertone
504 2382 686 2450 megnisque
709 2375 820 2451 opibus
843 2379 942 2438 elatus
964 2385 1094 2462 tyranni·
1111 2408 1136 2442 20
1173 2437 1178 2456 ,

198 2477 269 2535 dem
299 2486 539 2553 concupisceret.
585 2477 707 2550 Quibus
737 2480 829 2539 rebus
854 2481 970 2542 iactum
993 2497 1094 2547 estut

198 2579 320 2638 absenti
345 2580 557 2656 magistretum
586 2579 771 2658 abrogerent
797 2592 828 2642 et
854 2584 947 2644 alium
972 2587 1004 2648 in
1031 2591 1093 2650 eius

165 2681 299 2740 tlocum
329 2681 558 2742 substituerent.
605 2683 643 2742 id
673 2683 722 2742 ille
752 2694 786 2743 ut
815 2688 939 2761 audivit,
971 2692 1093 2753 domum

198 2794 308 2844 reverti
334 2784 432 2844 neluit
457 2794 487 2842 et
516 2793 549 2844 se
580 2787 715 2864 Pactyen
746 2789 876 2848 contulit
905 2791 1009 2868 ibique
1038 2796 1094 2855 tria

198 2888 326 2947 castella
348 2888 535 2961 commriniit,
558 2891 669 2964 Ornes,
693 2891 871 2968 Bizanthen,
892 2898 1091 2976 NeontichOS‚
1110 2919 1135 2971 ²5

197 3001 352 3067 manrique
368 2991 509 3051 conlecte
520 3002 635 3068 primus
646 2996 784 3055 Graecae
800 2998 933 3058 civitetis
954 3001 985 3060 in
1001 3005 1093 3064 Thre-

242 3166 254 3217 5
272 3153 411 3218 diirturna,
420 3155 567 3216 longinqua.
576 3167 631 3214 —7
650 3157 771 3221 arbitrie,
785 3161 919 3210 voluntate.
929 3191 961 3200 —
973 3179 982 3212 r
987 3181 1002 3230 3
1019 3169 1094 3219 dirce-

197 3237 274 3300 bant,
291 3237 521 3284 existimabant-
532 3249 559 3295 17
578 3238 738 3302 arguebant,
750 3241 978 3303 affirmabant—
992 3249 1021 3298 18
1038 3252 1093 3316 opi-

196 3318 317 3376 aionem,
326 3319 547 3365 exetimdtr'enem.
