2474 3718
418 244 624 296 nnunmnr..
659 261 682 309 4,
697 259 719 314 ς.
984 245 1018 298 69

107 413 265 490 Scipione
296 415 424 473 consule
454 433 586 491 eumque
617 415 785 492 pepulerat.
845 418 924 475 Cum
957 415 1016 474 hoc

106 519 227 578 eodem
251 517 382 576 Clastidi
405 518 487 593 apud
510 518 628 575 Padum
653 517 792 576 decernit
816 518 1015 593 sauciumque

75 629 90 678 2
106 621 186 679 inde
206 628 245 678 ac
263 620 404 696 fugatum
420 619 555 678 dimittit.
600 621 706 678 Tertio
724 620 806 678 idem
826 621 929 697 Scipio
946 639 1015 678 cum

107 723 248 799 conlega
260 722 386 781 Tiberio
403 724 512 799 Longo
529 723 611 799 apud
621 722 766 781 Trebiam
782 723 929 782 adversus
945 742 1015 781 eum

106 826 207 885 venit.
256 827 335 884 Cum
353 825 390 884 iis
409 845 534 884 manum
552 825 727 898 conseruit3
750 833 896 902 utrosque
915 825 1015 903 profli-
1050 839 1063 894 5

106 929 207 1006 gavit.
270 929 348 986 Inde
380 947 436 1005 per
468 929 597 1006 Ligures
630 931 851 1005 Appenninum
884 929 1012 1002 transiit,

76 1038 225 1109 apetens
254 1031 414 1090 Etruriam.
469 1033 540 1091 Hoc
565 1031 673 1090 itinere
697 1032 775 1091 adeo
798 1041 883 1108 gravi
906 1033 1014 1092 morbo

108 1134 258 1194 adficitur
270 1135 428 1193 oculorum
440 1143 473 1193 ut
485 1143 595 1211 postea
610 1154 777 1210 numquam
793 1135 900 1194 dextro
916 1143 1013 1212 aeque

107 1240 193 1297 bene
213 1247 289 1295 risus
307 1237 355 1296 sit.
401 1238 471 1309 Qua
490 1237 665 1296 valetudine
684 1256 754 1296 cum
772 1237 931 1296 etiamtum
949 1257 1014 1315 pre-

108 1348 249 1400 meretur
264 1341 435 1416 lecticaque
451 1341 590 1414 ferretur,
605 1343 640 1400 C.
656 1341 839 1399 Flaminium
855 1342 1012 1400 consulem
1034 1360 1063 1395 ιο

108 1444 196 1520 apud
224 1445 449 1501 Trasumenum
476 1463 545 1502 cum
575 1443 708 1503 exercitu
738 1444 859 1503 insidiis
889 1444 1013 1503 circum-

108 1557 241 1606 ventum
267 1545 389 1618 occidit,
417 1565 518 1622 neque
548 1547 644 1607 multo
669 1557 741 1623 post
768 1549 802 1606 C.
828 1547 1012 1606 Centenium

107 1657 287 1727 praetorem
313 1667 382 1706 cum
409 1650 530 1708 delecta
558 1660 650 1708 manu
676 1650 772 1709 saltus
798 1661 1010 1727 occupantem.

75 1755 199 1814 4Hinc
223 1752 256 1809 in
279 1745 423 1829 [lpuliam
447 1753 595 1829 pervenit.
652 1753 700 1812 Ibi
725 1755 847 1812 obviam
873 1764 902 1812 ei
925 1762 1013 1813 vene-

107 1866 182 1915 runt
209 1856 272 1913 duo
298 1856 451 1928 consules,
481 1858 516 1916 C.
543 1857 708 1915 Terentius
734 1868 765 1916 et
791 1860 825 1916 L.
851 1858 1009 1916 Aemilius
1032 1881 1061 1933 15

109 1961 285 2034 Utriusque
315 1957 466 2016 exercitus
494 1966 556 2018 uno
584 1960 703 2036 proelio
731 1960 857 2037 fugavit,
884 1961 1011 2019 Paulum

108 2062 273 2122 consulem
290 2061 403 2120 occidit
421 2072 452 2120 et
471 2062 587 2137 aliquot
602 2072 761 2140 praeterea
776 2065 963 2135 consulares,
980 2064 1009 2120 in

108 2165 147 2224 iis
165 2168 225 2225 Cn.
244 2163 405 2223 Servilium
421 2165 594 2239 Geminum,
611 2175 664 2241 qui
680 2167 837 2243 superiore
853 2174 934 2226 anno
949 2167 1012 2224 fue-

107 2278 157 2327 rat
173 2268 293 2327 consul.

108 2475 287 2534 resistente.
334 2477 369 2533 In
398 2484 579 2551 propinquis
603 2461 852 2536 urbi'montibus
876 2487 1010 2537 moratus

108 2588 168 2636 est.
229 2579 308 2636 Cum
340 2576 458 2652 aliquot
487 2577 529 2635 ibi
560 2577 628 2637 dies
659 2589 760 2637 castra
790 2579 950 2639 habuisset
980 2591 1011 2639 et

109 2683 253 2756 Capuam
271 2687 482 2752 reverteretur,
503 2682 542 2754 Q.
563 2680 677 2739 Fabius
697 2682 860 2754 Maximus
880 2683 1011 2742 dictator

74 2793 91 2843 2
110 2785 283 2854 Romanus,
300 2782 332 2840 in
348 2789 422 2859 agro
440 2782 571 2843 Falerno
589 2793 617 2842 ei
636 2791 669 2842 se
685 2784 808 2844 obiecit.
854 2788 916 2844 Hic
932 2786 1011 2844 clau-

109 2904 166 2944 sus
190 2885 326 2944 locorum
349 2885 500 2962 angustiis
525 2895 619 2945 noctu
645 2886 711 2945 sine
738 2888 800 2947 ullo
826 2888 1011 2948 detrimento
1030 2910 1061 2961 25

108 2987 263 3047 exercitiis
286 2995 319 3047 se
343 2989 499 3065 expedivit
516 2989 682 3064 Fabioque,
700 2990 898 3050 callidissimo
919 2991 1011 3068 impe-

153 3151 169 3186 2
188 3139 314 3205 diremit,
328 3141 438 3188 dImicat
445 3157 456 3197 ,·
478 3141 609 3206 saucium,
622 3143 790 3190 volneratum.
801 3171 833 3179 —
844 3157 873 3191 10
887 3145 1009 3209 ferretur,

106 3224 293 3272 veheretur.-
302 3237 331 3286 13
350 3225 448 3289 saltria,
461 3226 594 3286 angustias
608 3226 819 3273 montium-21
841 3227 1010 3292 propinquis,

105 3306 249 3376 finitimis.
260 3305 330 3356 -26
344 3306 533 3372 callidissimi),
547 3309 711 3368 peritissimo:
