2434 3720
222 273 254 325 50
477 276 760 324 EPAMINONDAS.
795 274 869 323 8-10.

223 443 370 500 Messana
386 442 527 501 restituta
542 443 650 500 urbem
669 450 773 501 eorum
794 441 957 501 obsidione
977 437 1093 499 clausit.''

223 547 314 604 Haec
340 564 409 604 cum
436 545 573 618 dixisset,
602 555 681 604 risus
707 545 843 604 omnium
869 564 939 603 cum
964 542 1095 602 hilaritate

222 657 345 707 coortus
366 657 422 720 est,
443 668 543 726 neque
565 648 727 725 quisquam
747 649 838 708 iudex
855 667 949 707 ausus
961 656 1009 711 est
1022 647 1055 705 dt
1067 651 1097 702 eo

221 753 300 810 ferre
316 751 504 828 suffragium.
551 753 635 811 Sica
651 751 765 812 iudicio
783 751 894 828 capitis
913 751 1039 810 maxima
1051 747 1097 806 dis·

222 855 316 913 cessit
330 853 435 932 glaria.
1127 860 1140 911 5

185 958 208 1018 9
265 960 328 1017 Hic
343 965 480 1017 extremo
495 967 632 1035 tempore
648 958 813 1034 imperator
829 958 911 1034 apud
928 956 1101 1016 Mantiniam

222 1080 291 1119 cum
313 1061 379 1120 acia
404 1069 552 1120 instracta
577 1060 726 1120 audacius
751 1069 881 1119 instaret
904 1060 1048 1130 hostibus,
1062 1062 1102 1114 co

221 1163 356 1240 gnitusa
372 1164 635 1236 Lacedaemoniis,
649 1164 731 1240 quod
749 1163 779 1220 in
796 1173 886 1222 unius
902 1163 1033 1240 pernicie
1047 1160 1102 1220 eius

222 1267 340 1343 patriae
362 1267 453 1326 sitam
475 1268 627 1343 putabant
649 1267 788 1339 saltitem,
814 1266 947 1325 universi
969 1267 999 1324 in
1023 1275 1103 1324 imum

222 1370 370 1446 impetum
392 1371 530 1428 iacarunt
553 1389 653 1446 neque
678 1369 762 1446 prius
786 1371 1003 1428 abscessarunt
1025 1384 1104 1444 quarn
1122 1383 1143 1417 ιο

223 1482 334 1549 magna
363 1474 459 1532 caede
488 1474 653 1550 multisque
683 1481 794 1532 occisis
823 1473 990 1532 fortissime
1018 1471 1106 1548 ipsum

224 1577 470 1652 Epaminondam
500 1586 697 1653 pagnantem,
729 1583 820 1652 sparo
850 1575 970 1634 aminus
999 1591 1108 1651 percus·
1194 1637 1195 1642 ἵ

188 1684 299 1751 2sum,
324 1679 486 1739 concidere
509 1680 659 1738 vidarunt.
707 1679 809 1738 Huius
832 1687 905 1738 casu
929 1679 1108 1756 aliquantum

223 1783 370 1841 retardati
397 1792 468 1841 sunt
495 1783 623 1854 Boeotii,
651 1801 751 1859 neque
778 1792 880 1841 tamen
907 1783 992 1858 prius
1017 1787 1109 1858 pugna

189 1893 421 1958 3excessarunt
451 1905 542 1962 quam
577 1893 783 1962 repugnantes
820 1885 1029 1962 profligarunt.
1074 1886 1111 1942 At
1127 1898 1149 1950 15

225 1990 465 2065 Epaminondam,
492 2008 561 2047 cum
587 1989 844 2048 animadverteret
871 1989 1059 2048 mortiferum
1083 1992 1111 2044 se

224 2090 334 2150 volnus
350 2092 507 2168 accapisse
527 2092 688 2169 simulque,
706 2101 732 2151 si
752 2093 874 2164 ferrum,
893 2093 976 2168 quod
997 2113 1034 2152 ex
1052 2093 1113 2148 has-

224 2195 269 2252 tili
282 2194 313 2251 in
323 2213 450 2270 corpore
460 2204 657 2266 remanserat,
669 2195 859 2267 extraxisset,
871 2195 1005 2253 animam
1018 2194 1112 2254 statim

225 2305 414 2369 amissurum,
439 2317 537 2374 usque
561 2307 599 2357 eo
628 2298 753 2356 retinuit
782 2298 885 2374 quoad
914 2299 1113 2358 renuntiatum

191 2415 208 2463 4
225 2410 272 2458 est
284 2399 395 2458 vicisse
408 2401 562 2460 Boeotios
610 2402 647 2460 Id
663 2410 828 2478 postquam
841 2401 966 2474 audivit,
982 2399 1112 2470 “Satis’'
1130 2417 1152 2452 20

225 2503 333 2578 inquit,
352 2511 369 2536 “
380 2513 460 2561 vixi:
489 2505 621 2563 invictus
646 2504 727 2562 enim
751 2503 893 2562 morior.''
937 2506 1018 2563 Tum
1041 2505 1115 2564 ierrd

225 2614 362 2664 extracto
378 2607 542 2665 confestim
557 2607 750 2666 exanimatus
765 2617 820 2666 est.

177 2715 223 2774 10
269 2712 331 2767 Hic
345 2717 470 2769 uxarem
490 2729 657 2786 numquam
672 2711 767 2769 daxit.
810 2714 846 2768 In
863 2717 924 2786 qua
940 2729 1010 2769 cum
1026 2728 1116 2786 repre·

226 2813 412 2871 henderatur
436 2813 533 2893 (quod
556 2812 669 2871 liberas
690 2821 752 2872 non
773 2813 974 2894 relinqueret)
998 2824 1016 2874 a
1039 2813 1117 2872 Pelo

226 2915 308 2991 pida,
326 2924 377 2990 qui
397 2915 496 2973 filium
519 2915 653 2973 hababat
675 2917 829 2988 infamem,
846 2916 987 2993 maleque
1006 2937 1075 2976 eum
1089 2915 1115 2972 in
1132 2931 1154 2981 25

21 2703 27 2730 t

267 3086 420 3137 dextrfimd
441 3088 571 3150 tempore,
591 3093 725 3148 postrema.
739 3103 796 3150 —7
822 3091 949 3154 instaret,
974 3097 1118 3154 urge‘rcte-

225 3168 241 3216 8
271 3168 398 3231 pernicia,
426 3176 511 3214 morte.
524 3183 585 3230 -9
602 3171 731 3234 universi,
762 3178 899 3219 omnin—
914 3187 942 3236 13
978 3175 1117 3235 concidere,

226 3252 319 3296 cadere.
328 3276 361 3283 —
374 3261 402 3311 15
420 3250 604 3313 profligarunt,
624 3253 651 3296 in
663 3253 757 3315 sugam
771 3255 902 3300 dedirunt.
911 3282 944 3290 —
956 3255 985 3304 18
1004 3257 1119 3307 animam

227 3331 399 3392 amissurum,
413 3332 579 3377 maritarum.
