2434 3720
422 221 640 274 Mrrrraoss.
674 221 698 282 6,
711 237 734 286 7.
1009 219 1026 276 t

125 400 210 452 re'stur
230 393 320 470 isque
342 395 516 456 hortare'stur
535 394 649 455 milites
663 395 874 472 proeliumque
889 394 1025 454 commit·

93 505 109 554 4
126 503 215 554 teret.
259 487 349 554 idem
369 495 420 554 ille
440 495 582 571 populus,
598 504 802 571 posteaquam
818 494 916 554 maius
933 494 1025 570 impe-

125 597 206 655 rium
217 606 266 656 est
278 607 387 657 nactus
400 607 430 657 et
442 597 605 675 largitione
617 597 851 674 magistratuum
864 607 1025 674 corruptus

128 709 185 772 est,
202 709 357 760 trecentas
380 709 500 760 statuas
525 700 682 760 Demetrio
707 700 856 759 Phalereo
880 699 1023 759 decrevit.

91 805 113 864 7
172 804 249 861 Post
270 803 329 862 hoc
351 802 500 879 proelium
523 803 655 862 classem
681 802 879 879 septuaginta
902 802 1025 862 navium
1062 818 1075 870 5

128 905 339 966 Athenienses
365 906 465 965 eidem
493 905 628 964 Miltiadi
654 906 814 978 dederunt,
846 915 879 964 ut
909 905 1025 964 insulas

129 1027 208 1084 quae
224 1009 372 1068 barbaros
388 1008 577 1080 adiuverant
588 1007 671 1067 bello
686 1015 928 1085 persequeretur.
954 1008 1026 1082 Quo

128 1110 160 1169 in
177 1111 307 1188 imperio
322 1111 485 1187 plerasque
501 1112 542 1170 ad
557 1110 690 1169 officium
710 1111 809 1170 redire
825 1112 935 1188 coegit,
952 1118 1026 1170 non-

94 1222 111 1274 2
129 1215 229 1274 nsrllas
245 1223 275 1272 vi
290 1214 484 1292 expsrgnavit.
516 1216 561 1273 Ex
576 1214 624 1272 his
641 1216 751 1272 Parum
767 1214 899 1272 insulam
914 1213 1026 1290 opibus

129 1317 243 1376 elatam
259 1336 328 1376 cum
344 1317 483 1376 oratione
499 1316 698 1377 reconciliare
714 1324 776 1376 non
791 1326 906 1393 posset,
920 1316 1026 1394 copias
1047 1339 1076 1374 ιο

129 1427 146 1479 ἐ
164 1420 298 1480 navibus
320 1420 432 1493 edr'rxit,
451 1421 559 1479 urbem
582 1419 728 1497 operibus
750 1420 861 1479 clausit
881 1429 1026 1496 omnique

129 1532 305 1582 commeato
320 1523 459 1599 privavit,
476 1523 549 1582 dein
564 1532 662 1582 vineis
677 1532 714 1583 ac
729 1523 937 1583 testudinibus
958 1531 1027 1582 con·

94 1637 111 1686 3
128 1626 245 1685 stitsrtis
257 1626 383 1702 propius
396 1633 499 1686 mr'rros
510 1626 652 1686 accessit.
676 1628 755 1686 Cum
767 1626 828 1684 iam
840 1626 872 1685 in
884 1634 922 1685 eo
934 1636 1025 1699 esset,

129 1739 162 1788 ut
178 1728 296 1806 oppido
319 1737 474 1806 potiretur,
490 1730 598 1807 procul
618 1729 649 1787 in
666 1729 839 1789 continenti
861 1731 957 1802 lr'rcus,
975 1738 1027 1805 qui

129 1851 167 1891 ex
189 1833 291 1890 insula
313 1832 569 1910 conspiciebatur,
587 1832 692 1892 nescio
708 1840 770 1909 quo
785 1842 860 1893 castr
874 1840 1027 1892 nocturno
1047 1854 1076 1906 15

129 1945 269 2011 ternpore
285 1933 430 1994 incensus
442 1944 499 1995 est.
524 1935 619 1996 Citius
631 1935 754 1994 flamma
766 1945 800 1994 ut
811 1937 850 1995 ab
863 1936 1027 2012 oppidanis

129 2048 160 2097 et
175 2038 442 2115 oppr'rgnatoribus
457 2049 505 2097 est
520 2047 595 2112 visa,
613 2047 750 2115 utrisque
765 2039 849 2099 venit
864 2039 895 2097 in
911 2038 1028 2115 opinio

96 2150 113 2200 4
129 2161 202 2201 nem
217 2149 340 2217 signum
355 2150 373 2200 a
389 2141 554 2201 classiariis
570 2141 660 2219 regiis
676 2142 790 2201 datum.
826 2143 897 2217 Quo
912 2143 1027 2201 iactum

129 2255 177 2303 est
190 2253 224 2302 ut
236 2253 267 2302 et
280 2243 361 2302 Parii
372 2253 391 2304 a
403 2244 562 2312 deditione
579 2245 805 2305 deterrerentur
817 2255 847 2305 et
858 2245 1026 2317 Miltiades,

129 2348 243 2407 timens
256 2354 295 2406 ne
307 2347 416 2406 classis
427 2347 511 2425 regia
526 2348 715 2420 adventaret,
732 2348 867 2408 incensis
883 2348 1028 2426 operibus
1047 2370 1078 2405 20

130 2469 211 2528 quae
238 2459 396 2522 statuerat,
424 2469 494 2509 cum
523 2450 654 2509 totidem
683 2450 816 2511 navibus
840 2460 934 2528 atque
963 2460 1028 2510 erat

130 2554 297 2630 profectus,
318 2553 458 2613 Athenas
489 2562 600 2631 magna
626 2572 695 2612 eum
721 2553 894 2614 offensione
917 2553 1029 2613 civium

99 2663 257 2716 fisuorum
288 2656 408 2715 rediret.
454 2658 627 2716 Accsrsatus
659 2663 731 2734 ergo
760 2666 808 2716 est
836 2657 1028 2734 proditionis,

132 2759 225 2836 quod,
243 2777 313 2817 curn
329 2761 440 2818 Parum
456 2767 633 2840 expsrgnare
650 2770 766 2836 posset,
785 2769 804 2818 ῐι
821 2768 891 2838 rege
910 2779 1030 2836 corrup-

131 2872 181 2922 tus
204 2862 328 2921 infectis
352 2863 444 2922 rebus
467 2862 673 2921 discessisset.
720 2865 764 2922 Eo
782 2872 918 2940 tempore
939 2882 1031 2941 aeger
1049 2882 1079 2934 25

133 2975 197 3024 erat
212 2965 390 3026 volneribus
407 2979 486 3042 quae
503 2965 534 3024 in
551 2966 759 3042 oppsrgnando
775 2966 891 3042 oppido
907 2974 1031 3042 accepe-

174 3132 189 3183 3
208 3119 252 3170 est
270 3119 375 3183 nactus,
394 3125 431 3166 est
447 3124 596 3167 co'nsectitus.
608 3118 664 3167 -8
683 3118 836 3184 ndnnfilES,
856 3121 1032 3182 quasdam.-

136 3214 166 3250 10
182 3203 295 3270 elatam,
308 3203 450 3264 superbam.
460 3230 494 3238 -
505 3216 534 3268 13
552 3205 651 3266 miros,
666 3204 783 3260 moenia;
806 3202 931 3266 accessit,
943 3211 1032 3265 appro

128 3287 276 3359 psittqudvit.
286 3312 319 3346 ᾗ·
329 3285 489 3364 zotimus„
497 3290 587 3338 verins
594 3301 607 3342 ;
624 3285 795 3348 adventiret,
803 3290 956 3345 pervenIrct.
