2434 3720
369 231 652 280 arxuruouoxs.
689 231 747 296 5,6.
882 283 886 288 ,
972 233 1006 284 47

103 421 173 460 cum
194 401 339 460 universa
355 398 485 458 Graecia
501 399 551 458 vix
567 399 675 458 decern
696 409 786 459 annis
809 411 900 459 unam
922 401 1004 477 cepit

103 506 220 576 urbem,
237 523 296 580 ego
312 512 419 562 contra
441 511 478 562 ea
500 512 561 562 rina
584 504 659 562 urbe
682 513 789 563 nostra
808 504 919 580 dieque
943 513 1003 564 uno

102 616 200 667 tetam
216 606 379 666 Graeciam
396 606 652 664 Lacedaemoniis
668 606 783 683 fugatis
799 606 956 666 liberavi.’'

68 710 89 770 6
143 705 235 770 idem
248 728 318 768 cum
328 709 359 766 in
372 719 558 768 conventum
568 709 704 768 venisset
715 710 880 782 Arcadum,
892 717 1002 787 petens

102 823 136 872 ut
162 813 345 872 societatem
369 831 438 870 cum
463 811 621 871 Thebanis
648 822 679 870 et
706 814 827 890 Argivis
852 814 999 888 facerent,
1038 832 1051 883 5

102 926 273 993 contraque
299 915 503 988 Callistratus,
531 915 768 974 Atheniensium
794 916 923 993 legatus
948 926 1001 994 qui

102 1020 281 1096 eloquentia
296 1026 404 1077 omnes
420 1026 457 1078 ee
471 1019 651 1095 praestabat
672 1029 817 1095 ternpore,
831 1020 1001 1095 postularet

101 1133 134 1182 ut
160 1123 266 1201 potius
292 1123 457 1182 amicitiam
483 1135 686 1200 sequerentur
707 1123 890 1196 Atticarum,
915 1123 1000 1183 etin

69 1226 240 1286 aeratirine
264 1235 320 1286 sua
342 1227 437 1285 multa
460 1226 599 1286 invectus
621 1236 704 1286 esset
727 1227 756 1285 in
779 1227 947 1286 Thebanas
969 1237 1001 1286 et

101 1334 242 1408 Argivas,
260 1331 292 1389 in
308 1332 407 1409 iisque
428 1333 488 1391 hec
507 1331 672 1409 posuisset,
689 1331 824 1390 animum
840 1331 999 1390 advertere
1020 1355 1050 1390 10

100 1435 214 1494 debere
237 1435 377 1494 Arcades
400 1435 507 1511 quales
530 1444 659 1511 utraque
689 1434 798 1493 civitas
824 1441 907 1493 cives
932 1441 999 1511 pre

100 1547 248 1610 creasset,
278 1557 316 1597 ex
340 1539 452 1615 quibus
478 1539 517 1597 de
546 1545 656 1596 ceteris
685 1547 814 1613 possent
843 1536 997 1596 iadicare:

100 1644 233 1718 Argivas
249 1641 330 1700 enim
346 1642 443 1700 fuisse
459 1643 602 1702 Orestem
617 1652 647 1701 et
663 1642 883 1701 Alcmaeonem
899 1640 998 1700 matri-

100 1745 195 1817 cidaS,
228 1745 345 1804 Thebis
374 1745 529 1822 Oedipum
559 1753 673 1818 natum,
705 1754 756 1821 qui
786 1763 855 1804 cum
880 1753 998 1820 patrem

100 1866 189 1906 suum
219 1847 434 1919 interfecisset,
467 1867 504 1906 ex
533 1857 628 1907 matre
658 1849 771 1907 liberas
797 1855 1046 1923 pracreasse:15

69 1953 84 2003 3
99 1950 170 2009 huic
192 1951 224 2008 in
247 1951 467 2026 respondenda
485 1951 725 2028 Epaminondas,
743 1969 812 2009 curn
832 1951 870 2008 de
887 1957 997 2008 ceteris

99 2061 283 2128 perorasset,
297 2063 461 2130 postquam
474 2054 514 2112 ad
530 2054 581 2112 illa
594 2054 656 2112 duo
667 2053 833 2130 opprobria
847 2052 995 2128 pervenit,

99 2157 243 2216 admirari
265 2163 298 2215 se
314 2157 390 2215 dixit
413 2157 573 2216 stultitiam
595 2157 723 2216 rhetoris
739 2157 844 2229 Attici,
862 2165 914 2232 qui
934 2164 996 2215 nen

99 2259 349 2318 animadverterit
364 2259 547 2318 innocentes
571 2260 639 2319 illes
662 2267 752 2319 natas
775 2259 866 2331 domi,
881 2259 996 2317 scelere

100 2363 236 2421 admissa
259 2381 328 2421 cum
350 2363 449 2438 patria
475 2373 580 2421 essent
606 2364 734 2439 expulsi,
760 2369 900 2438 receptas
926 2380 996 2420 esse
1015 2383 1046 2418 20

69 2466 137 2523 lab
167 2465 421 2524 Atheniensibus
475 2467 536 2525 Sed
566 2465 696 2524 maxime
726 2465 791 2523 eius
820 2464 997 2541 eloquentia

99 2567 191 2626 elaxit
209 2569 337 2644 Spartae
349 2569 442 2644 legati
458 2579 530 2627 ante
542 2579 675 2645 pignam
689 2568 889 2627 Leuctricam.
924 2568 996 2641 Quo

99 2689 166 2728 cum
189 2670 325 2730 omnium
349 2671 501 2730 socierum
523 2671 744 2730 convenissent
768 2670 869 2747 legati,
894 2677 995 2728 caram

99 2773 348 2848 frequentissima
373 2773 563 2849 legationum
592 2783 746 2832 conventa
772 2783 816 2834 sic
844 2773 997 2831 Lacedae·

100 2876 269 2935 monierum
291 2877 486 2954 tyrannidem
509 2877 646 2952 coarguit
669 2886 702 2935 ut
725 2884 787 2936 nan
813 2876 914 2934 minus
944 2875 995 2933 illa
1015 2896 1045 2947 ²5

100 2979 236 3039 aratiane
266 2987 341 3056 opes
371 2987 475 3038 earum
498 2980 689 3039 concusserit
712 2999 803 3056 quam
835 2978 996 3037 Leuctrica

138 3155 151 3202 7
178 3144 347 3206 praestabat,
377 3143 518 3204 superabat.
531 3141 591 3190 -8
619 3145 802 3206 sequerentur,
828 3148 949 3203 peterent.
962 3169 996 3178 -

102 3237 129 3272 ro
151 3226 296 3290 posuisset,
319 3227 513 3273 dixisset-20
536 3225 665 3292 admisso,
680 3227 821 3290 sacta-2
826 3237 839 3288 5
863 3224 994 3288 coarguit,

100 3310 206 3356 ostendit.
