2434 3720
179 191 195 243 s
474 189 688 240 urnrmnas.
725 204 747 252 7,
760 189 783 239 a.

181 368 235 420 rat.
261 362 370 435 Itaque
386 379 455 418 cum
471 359 537 435 ipse
550 366 605 436 pre
616 366 649 417 se
662 359 763 417 dicere
776 365 838 417 nen
851 367 966 434 posset,
981 360 1075 418 verba

147 474 164 523 6
180 463 253 522 iecit
269 463 364 522 freter
379 462 445 521 eius
462 463 651 538 Stesagoras.
697 463 799 520 Cause
822 461 945 538 cegnite
963 462 1074 538 capitis

181 565 339 624 absolirtus
362 565 493 640 pecunie
515 565 661 624 multetus
684 573 739 637 est,
756 582 854 640 eaque
873 565 909 622 lis
928 573 1074 640 quinque-

180 668 266 747 ginte
296 667 421 726 talentis
450 667 613 727 aestimata
643 676 698 740 est,
724 676 857 742 quantus
887 666 918 724 in
944 667 1074 726 classem

181 780 321 847 sumptus
335 772 437 830 lactus
452 780 525 830 erat.
571 773 665 829 Hanc
679 769 842 846 pecuniam
858 771 941 846 quod
957 769 1074 829 solvere
1109 786 1120 838 5

181 875 211 932 in
235 873 410 950 praesentie
433 881 496 932 nen
518 882 647 950 poterat,
665 873 696 930 in
718 872 840 931 vincula
861 872 984 948 publica
1006 892 1075 930 con-

159 960 166 971 ⁶
181 978 278 1036 iectus
294 986 341 1036 est
357 976 461 1052 ibique
476 977 558 1035 diem
573 976 650 1035 obiit
665 983 848 1053 supremum.

144 1077 168 1137 8
224 1082 286 1138 Hic
308 1089 367 1139 etsi
389 1079 514 1138 crimine
538 1079 629 1138 Parie
645 1089 692 1137 est
707 1087 878 1151 accirsetus,
895 1087 998 1136 tamen
1016 1079 1074 1137 alia

181 1201 275 1242 causa
289 1183 347 1241 fuit
363 1182 580 1242 damnetienis.
607 1183 749 1256 Namque
765 1181 972 1240 Athenienses
987 1200 1074 1258 prop

181 1295 228 1344 ter
254 1286 406 1344 Pisistrati
432 1286 633 1360 tyrannidem,
651 1304 729 1360 quae
752 1292 858 1361 paucis
885 1293 973 1342 annis
1004 1293 1074 1342 ante
1094 1308 1121 1342 ιο

181 1390 289 1461 luerat,
314 1388 450 1447 onmium
476 1387 587 1446 civium
613 1394 736 1446 suerum
760 1386 930 1463 potentiam
953 1387 1075 1446 extime-

148 1500 165 1552 2
182 1493 319 1552 scebant.
365 1491 533 1564 Miltiades,
550 1491 678 1548 multum
693 1490 724 1547 in
740 1489 875 1566 imperiis
896 1490 1075 1567 magistrati·

181 1596 301 1672 busque
317 1603 465 1665 versatus,
482 1601 544 1652 nr'm
560 1593 722 1652 videbetur
736 1612 829 1669 posse
845 1612 913 1652 esse
929 1601 1073 1670 privatus

182 1697 361 1775 praesertim
374 1717 442 1756 cum
458 1696 682 1756 censuetirdine
698 1697 737 1754 ad
753 1695 860 1772 imperi
876 1697 1075 1773 cupiditetem

148 1811 165 1860 3
182 1802 261 1860 trahi
276 1801 437 1860 videretur.
483 1803 563 1858 Nam
585 1802 771 1860 Chersonesi
790 1809 898 1861 omnes
914 1801 983 1861 illes
999 1809 1076 1877 ques
1096 1823 1121 1875 15

182 1904 337 1963 habitarat
348 1911 447 1963 annes
457 1914 637 1980 perpetuam
649 1904 825 1963 obtinuerat
836 1904 1076 1964 dominetienem

182 2017 391 2086 tyrannusque
406 2008 506 2066 fuerat
520 2008 703 2084 appelletus,
717 2008 773 2066 sed
789 2008 895 2067 iustus.
924 2010 952 2065 N
956 2016 995 2067 dn
1012 2016 1077 2065 erat

183 2110 265 2170 enim
283 2120 313 2169 vi
328 2119 522 2182 censecittus‚
540 2111 596 2169 sed
618 2118 742 2170 suerum
764 2111 931 2183 voluntete,
948 2129 1076 2187 eamque

183 2223 368 2290 potestetem
398 2213 536 2272 bonitete
567 2213 727 2272 retinebat.
773 2215 889 2273 Omnes
919 2224 1021 2272 autem
1048 2221 1078 2272 et

184 2317 327 2375 dicuntur
352 2326 383 2374 et
408 2317 562 2374 habentur
590 2325 712 2394 tyranni
742 2325 794 2392 qui
822 2325 975 2393 potestete
1006 2325 1078 2376 sunt
1095 2339 1122 2372 20

149 2425 166 2474 4
183 2427 332 2496 perpetue
348 2419 378 2476 in
395 2428 432 2478 ea
448 2418 571 2478 civitete
589 2439 667 2495 quae
684 2418 825 2478 libertete
842 2431 897 2479 usa
912 2429 968 2478 est.
1017 2420 1078 2478 Sed

184 2523 215 2580 in
232 2522 374 2581 Miltiade
397 2531 461 2580 erat
484 2540 553 2580 cum
576 2541 695 2580 summa
716 2523 901 2595 humenitas
919 2532 983 2581 tum
1004 2532 1078 2580 mira

184 2625 396 2697 communitas
414 2634 447 2683 ut
465 2631 555 2684 neme
574 2634 637 2688 tam
654 2625 777 2684 humilis
794 2635 877 2685 esset
894 2625 942 2684 cui
961 2634 1023 2686 nen
1040 2625 1079 2683 ad

184 2748 254 2788 curn
270 2728 371 2787 aditus
387 2734 525 2803 pateret3
549 2728 850 2804 megna‚aucterites
873 2729 956 2805 apud
972 2736 1078 2788 omnes

184 2832 333 2903 civitaites‚
353 2829 457 2889 nebile
481 2837 601 2902 nemen,
622 2831 689 2890 laus
711 2840 754 2890 rei
777 2831 916 2890 militeris
938 2831 1078 2892 maxima.
1096 2849 1123 2903 ²5

186 2937 275 2993 Haec
304 2934 437 3011 populus
470 2933 640 3009 respiciens
674 2934 780 2993 meluit
809 2934 893 2992 illum
922 2933 1079 2993 innoxium

184 3038 278 3114 plecti
294 3056 385 3114 quam
402 3044 435 3095 se
451 3036 565 3094 diirtius
581 3056 650 3095 esse
667 3036 697 3094 in
714 3037 830 3097 timere.

230 3201 239 3235 1
253 3189 335 3238 verba
347 3185 423 3251 iecit,
436 3187 526 3234 aravit.
534 3213 568 3221 —
580 3199 608 3233 12
621 3187 747 3250 multum,
760 3193 837 3248 saepe.
845 3215 878 3222 -
890 3187 919 3235 16
931 3188 1079 3251 habitarat,

184 3274 331 3322 incoluerat.
339 3301 373 3308 -
383 3285 411 3333 17
425 3274 483 3322 erat
501 3273 669 3336 ct‘tnsect'ltus,
682 3279 739 3320 erut
748 3273 860 3333 adeptus.
869 3300 903 3308 —
915 3286 945 3336 19
961 3275 1082 3337 potesti-

184 3357 251 3421 tem,
264 3358 452 3419 imperium.—
463 3368 494 3403 20
506 3355 641 3419 dicuntur,
653 3357 832 3402 neminantur.
