2434 3720
404 241 639 291 meramors.
675 240 733 302 7‚a.
986 239 1020 294 37

116 409 199 469 ciam
214 409 340 482 introiit,
354 409 518 488 gleriesius
535 409 713 469 existimeris
723 409 923 469 barbarerum
935 428 1020 486 prae·

81 522 97 570 5
116 513 159 572 de
175 514 357 589 locupletari
373 532 464 589 quam
480 511 652 572 Greierum.
697 513 767 585 Que
783 532 820 571 ex
835 520 867 571 re
882 520 1019 572 creverat

116 635 189 674 cum
211 617 296 675 ieme
316 625 381 674 tum
402 615 522 691 opibus,
539 624 745 693 magnamque
769 615 935 674 amicitiam
959 616 1018 675 sibi

116 738 187 777 cum
205 718 391 794 quibusdam
407 718 530 794 regibus
546 717 698 777 Threciae
713 727 884 794 pepererat.

74 825 97 884 8
162 823 275 897 Neque
290 831 393 880 tamen
411 829 430 879 e
452 819 580 880 caritate
602 820 720 896 patriae
742 820 843 896 potuit
864 823 1015 881 recedere.
1053 837 1067 890 5

117 926 201 982 Nam
223 925 297 981 cum
319 923 402 1000 apud
428 925 533 1000 Aegos
563 923 675 982 flumen
707 923 868 996 Philocles,
895 933 1018 1001 praetor

116 1025 364 1098 Atheniensium,
395 1025 527 1085 classem
558 1025 771 1085 constituisset
800 1045 887 1085 suam
915 1046 1016 1103 neque

116 1128 210 1206 longe
226 1129 350 1187 abesset
366 1129 534 1207 Lysander,
551 1139 674 1205 praetor
690 1129 1015 1204 Lacedaemonierum,

116 1239 170 1307 qui
186 1230 218 1288 in
233 1237 272 1290 ee
288 1240 353 1290 erat
367 1241 537 1307 occupatus
552 1241 586 1290 ut
601 1231 716 1290 bellum
732 1251 824 1308 quam
844 1231 1016 1293 dietissime

115 1334 253 1406 duceret,
271 1334 355 1410 quod
370 1333 444 1410 ipsis
464 1333 596 1410 pecr'mia
617 1343 636 1393 ἔι
658 1341 728 1411 rege
750 1335 1014 1412 suppeditebetur,
1037 1356 1067 1390 ιο

115 1444 225 1495 contre
256 1435 500 1496 Atheniensibus
530 1438 688 1496 exhaustis
721 1448 843 1514 praeter
876 1457 960 1496 arma
985 1447 1016 1498 et

81 1547 213 1602 zueves
244 1539 319 1597 nihil
349 1550 414 1598 erat
442 1559 542 1616 super,
573 1539 751 1600 Alcibiades
780 1541 820 1600 ad
849 1541 1016 1600 exercitum

115 1642 202 1702 venit
228 1642 464 1701 Atheniensium
490 1642 594 1720 ibique
620 1652 782 1721 praesente
808 1645 899 1721 volge
925 1663 1015 1721 agere

115 1745 241 1821 coepit:
272 1753 299 1803 si
321 1746 443 1817 vellent,
461 1753 494 1804 se
517 1755 693 1805 coacturum
716 1747 908 1824 Lysandrum
930 1747 1015 1806 dimi·

116 1858 187 1908 cere
203 1859 256 1906 aut
273 1857 382 1925 pecem
403 1858 508 1926 petere
531 1849 721 1926 spopondit;
751 1851 1014 1911 Lacedaemonies
1035 1877 1065 1930 15

115 1959 155 2011 ee
173 1951 256 2010 nelle
279 1952 378 2010 classe
401 1952 576 2029 cendigere,
594 1952 677 2028 quod
698 1952 894 2030 pedestribus
917 1953 1014 2031 cepiis

82 2066 99 2116 3
116 2055 186 2131 ples
203 2073 296 2130 quarn
311 2053 442 2113 nevibus
459 2055 597 2113 valerent
612 2079 618 2128 ;
634 2038 700 2114 'sibi
717 2066 818 2115 autem
834 2075 903 2115 esse
922 2056 1014 2116 facile

118 2158 275 2228 Seuthem,
292 2165 396 2234 regern
418 2158 583 2231 Threcum,
604 2159 756 2217 adducere
783 2169 817 2218 ut
842 2179 912 2218 eum
934 2169 1014 2220 terre

115 2261 305 2336 depelleret;
344 2267 406 2337 que
428 2261 513 2320 facte
535 2261 711 2320 necesserie
735 2272 788 2320 aut
816 2263 915 2322 classe
945 2271 1015 2322 cen·

82 2363 270 2423 4flictsnum
293 2373 346 2422 aut
369 2364 484 2422 bellum
507 2364 755 2440 compositurum.
802 2366 839 2423 Id
862 2375 921 2425 etsi
944 2374 1014 2425 vere
1033 2397 1065 2432 20

115 2466 233 2524 dictum
261 2466 414 2525 Philocles
441 2466 714 2540 animadvertebat,
734 2478 836 2527 tamen
859 2470 1014 2546 postulata

116 2570 218 2628 iacere
241 2568 348 2642 neluit,
373 2570 456 2645 quod
479 2569 634 2629 sentiebat
657 2577 690 2629 se
707 2571 868 2630 Alcibiade
890 2580 1014 2649 recepte

116 2672 229 2731 millius
246 2679 394 2731 mementi
410 2673 493 2748 apud
508 2673 675 2732 exercitum
690 2674 825 2732 luterum
842 2684 881 2747 et,
899 2685 924 2733 si
940 2675 1015 2751 quid
1102 2709 1106 2716 ·

116 2775 245 2834 secundi
267 2774 431 2847 evenisset,
454 2775 568 2833 nullam
593 2776 624 2834 in
654 2786 691 2835 ee
720 2785 752 2835 re
782 2796 868 2835 suam
897 2788 1014 2853 partem

115 2878 190 2950 lore,
206 2885 315 2936 contre
331 2896 376 2949 ea,
394 2887 420 2935 si
436 2877 511 2955 quid
532 2879 653 2937 adversi
675 2879 847 2951 accidisset,
865 2886 898 2938 se
921 2890 1014 2938 smum
1033 2912 1046 2946 2
1051 2911 1064 2963 5

156 3060 366 3126 4quibusdam,
403 3062 542 3108 nennellr‘s.
555 3064 748 3126 —pepererat‚
784 3064 1015 3110 concr'lidverat.-

118 3156 147 3194 ιο
164 3145 283 3208 deceret,
291 3144 451 3205 predaretur.
459 3143 736 3207 —suppeditebetun
746 3145 904 3192 dabatur.—
915 3159 943 3192 12
956 3147 1015 3197 erat

116 3240 203 3292 super,
214 3227 331 3276 restdbat.
338 3253 373 3262 -
382 3225 413 3274 16
429 3226 610 3290 pedestribus,
619 3227 786 3274 terrestribus.
794 3240 862 3288 -17
881 3227 1013 3294 valerent,

114 3315 223 3372 possent.
