2434 3720
418 269 653 317 ALCIBIADES.
688 283 712 328 4,
728 282 749 333 5.
1001 267 1034 320 33

129 435 246 496 simum
258 444 342 494 ratus
353 435 582 511 impendentem
596 436 710 494 evitere
722 445 944 513 tempestetem,
956 436 1034 494 clam

129 547 167 598 se
190 539 230 598 ab
249 538 428 598 cestedibus
447 539 591 597 subduxit
611 549 641 598 et
661 539 733 598 inde
754 548 884 614 primum
906 530 1032 611 Elidem,

89 641 207 701 5dein
238 642 363 700 Thebes
392 642 484 700 venit.
533 643 701 718 Postquam
730 652 832 700 autem
862 649 895 700 se
924 641 1034 718 capitis

130 746 314 804 damnatum
332 745 423 803 bonis
442 744 605 820 peblicetis
626 744 750 816 audivit,
768 754 806 816 et,
823 745 855 803 id
876 745 959 821 quod
979 753 1034 802 ese

130 855 270 920 venerat,
283 847 482 924 Eumolpides
497 848 674 906 sacerdetes
690 857 708 906 e
723 848 838 925 popule
857 855 981 907 coectes
1002 857 1035 915 ut
1068 863 1082 914 5

131 959 168 1011 se
185 951 381 1022 devoverent,
396 951 524 1027 eiusque
540 950 713 1010 devetienis
725 959 786 1027 que
799 951 938 1010 testetior
952 960 1036 1009 esset

132 1054 292 1126 memoria,
320 1054 492 1129 exemplum
517 1054 549 1112 in
574 1055 637 1130 pile
662 1054 784 1130 lapidee
810 1054 940 1112 incisum
966 1073 1034 1112 esse

130 1157 271 1234 positum
307 1157 339 1214 in
374 1157 507 1233 peblice,
542 1157 807 1216 Lacedaemonem
844 1156 1033 1233 demigravit.

90 1260 195 1332 6Ibi,
227 1269 260 1318 ut
289 1259 356 1334 ipse
385 1259 563 1337 praedicere
593 1267 764 1332 censuerat,
794 1267 857 1319 nen
888 1261 1035 1318 adversus

131 1363 277 1441 patriam,
291 1363 347 1420 sed
359 1362 500 1422 inimices
512 1371 585 1422 sues
597 1363 711 1422 bellum
726 1363 829 1439 gessit,
844 1362 927 1439 quod
942 1363 1035 1422 iidem
1056 1383 1083 1419 10

132 1468 243 1526 hostes
269 1476 374 1525 essent
398 1466 535 1525 civiteti:
567 1485 636 1523 nam
663 1486 730 1524 cum
761 1467 973 1543 intellegerent
1003 1473 1036 1524 se

133 1569 300 1647 plurimum
314 1568 463 1645 predesse
479 1588 572 1646 posse
589 1579 632 1628 rei
647 1569 796 1644 publicae,
809 1589 846 1627 ex
858 1578 895 1628 ee
907 1568 1035 1628 eiecisse

93 1784 116 1836 7
136 1780 247 1853 Itaque
263 1777 354 1835 heius
370 1775 500 1835 censilie
518 1775 756 1834 Lacedaemonii
772 1796 840 1834 curn
858 1778 950 1833 Perse
965 1783 1036 1851 rege

136 1880 303 1939 amicitiam
319 1880 466 1950 fecerunt,
484 1878 557 1937 dein
573 1880 738 1936 Deceleam
755 1878 785 1936 in
802 1878 905 1936 Attice
924 1879 1037 1936 menie·
1057 1901 1087 1952 ¹5

135 1994 208 2043 runt
223 1983 442 2062 praesidieque
461 1982 503 2041 ibi
525 1989 674 2058 perpetue
697 1982 798 2057 posite
820 1981 851 2038 in
873 1981 1036 2039 obsidiene

136 2090 279 2148 Athenes
295 2095 466 2147 tenuerunt.
511 2080 658 2145 Eiusdem
670 2094 764 2162 opere
781 2085 900 2143 leniam
912 2094 930 2143 e
943 2085 1037 2143 socie-

136 2202 200 2252 tete
230 2199 408 2250 everterunt
437 2189 681 2248 Atheniensium.
728 2189 798 2261 Que
828 2188 912 2246 lacte
941 2189 1037 2246 multe

136 2295 312 2372 superieres
328 2295 408 2352 belle
424 2312 492 2352 esse
508 2300 684 2368 coeperunt.

90 2394 120 2454 5
179 2402 291 2474 Neque
310 2405 383 2456 vere
404 2397 452 2455 his
475 2397 567 2455 rebus
592 2404 654 2453 tam
681 2403 771 2453 amici
789 2393 943 2452 Alcibiadi
967 2403 1038 2452 sunt
1056 2418 1087 2452 20

133 2504 211 2561 facti
228 2521 320 2576 quam
336 2500 444 2559 timere
460 2500 499 2558 ab
515 2507 552 2558 ee
568 2498 703 2557 alieneti.
748 2501 829 2556 Nam
845 2515 914 2556 cum
930 2497 1037 2556 ecerri-

133 2614 177 2664 mi
197 2605 256 2662 viri
277 2612 487 2680 praestantem
509 2601 704 2678 prudentiam
727 2600 757 2658 in
780 2600 922 2659 omnibus
945 2600 1036 2658 rebus

134 2715 369 2786 cegnescerent,
381 2706 602 2782 pertimuerunt
614 2712 652 2762 ne
662 2705 789 2763 ceritete
799 2703 916 2779 patriae
926 2704 1037 2762 ductus

136 2811 305 2888 aliquande
321 2810 361 2868 ab
376 2809 451 2886 ipsis
466 2809 653 2867 descisceret
667 2817 697 2866 et
713 2826 782 2865 cum
794 2816 857 2864 suis
868 2807 899 2864 in
908 2806 1037 2882 gretiam

136 2915 259 2974 rediret.
305 2915 415 2989 Itaque
431 2922 552 2988 tempus
575 2911 640 2969 eius
663 2909 867 2969 interficiendi
890 2928 1036 2985 quaerere
1056 2930 1086 2981 25

101 3017 344 3076 2instituerunt.
404 3015 441 3073 ld
477 3013 655 3072 Alcibiades
692 3013 806 3071 diritius
843 3013 935 3071 celeri
974 3021 1035 3071 nen

180 3225 209 3258 22
223 3208 405 3275 praeentiam,
414 3209 584 3272 sagacitatem.
592 3234 625 3241 -
634 3220 646 3253 2
650 3219 664 3273 3
677 3205 801 3273 ceritete,
809 3210 939 3254 amera-
949 3217 980 3268 ²4
992 3205 1037 3258 ᾱε.

139 3294 271 3361 scisceret,
285 3292 404 3360 deficeret.
