2434 3720
300 767 311 798 .
516 716 817 802 ALCIBIADES.

183 915 205 973 1
262 918 467 990 Arcrurnnbs,
490 918 610 977 Cliniae
634 919 727 990 filius,
745 917 953 977 Atheniensis.
999 919 1037 975 In
1056 917 1112 975 hoc

220 1019 294 1095 quid
307 1029 415 1078 natura
427 1022 546 1080 efficere
559 1021 666 1096 possit,
679 1021 800 1080 videtur
812 1030 945 1097 experta.
984 1023 1113 1080 Constat

220 1122 302 1181 enim
322 1122 401 1182 inter
419 1131 526 1182 omnes
545 1133 597 1201 qui
612 1124 651 1182 de
667 1132 704 1183 eo
719 1124 884 1182 memoriae
904 1124 1110 1201 prodiderunt,

220 1225 295 1282 nihil
311 1224 364 1283 illo
379 1226 475 1284 fuisse
492 1227 693 1286 excellentius
708 1227 756 1286 vel
773 1227 803 1284 in
819 1227 901 1286 vitiis
908 1228 964 1302 *vel
980 1227 1011 1285 in
1026 1226 1112 1285 virtri-

221 1430 358 1489 omnium
371 1430 481 1490 aetatis
492 1450 566 1490 suae
578 1433 675 1491 multo
689 1432 941 1506 formosissimus,
954 1433 993 1491 ad
1009 1438 1112 1491 omnes

221 1541 269 1592 res
285 1542 375 1610 aptus
391 1534 561 1610 consilique
578 1535 687 1610 plenus
706 1535 852 1613 (namque
873 1535 1039 1611 imperator
1057 1533 1112 1591 fuit

222 1655 358 1696 summus
383 1647 413 1696 et
437 1647 513 1695 mari
536 1647 567 1697 et
592 1639 697 1718 terra),
721 1638 863 1709 disertus
888 1648 920 1696 ut
950 1639 981 1696 in
1011 1645 1111 1715 primis

221 1741 355 1800 dicendo
370 1742 494 1812 valeret,
512 1741 596 1816 quod
618 1750 705 1799 tanta
723 1752 788 1801 erat
807 1741 1034 1801 commendatio
1054 1739 1110 1800 oris

222 1854 314 1921 atque
331 1844 487 1916 orationis,
505 1854 538 1902 ut
554 1852 645 1903 nemo
661 1854 688 1902 ei
704 1854 810 1920 posset
825 1844 967 1904 resistere
982 1869 989 1918 ;
1012 1845 1109 1911 dives;
1128 1861 1149 1894 10

188 1952 205 2002 3
221 1967 289 2005 cum
306 1958 427 2024 tempus
443 1956 593 2024 posceret,
611 1947 792 2020 laboriosus,
805 1947 927 2024 patiens
942 1973 949 2020 3
971 1947 1109 2016 liberalis,

222 2051 403 2126 splendidus
419 2059 481 2109 non
498 2051 600 2108 minus
616 2050 646 2108 in
663 2059 726 2108 vita
742 2070 833 2126 quam
846 2060 927 2110 victu
941 2075 948 2122 ;
961 2049 1108 2120 adfabilis,

187 2154 363 2225 lblanduS,
392 2153 581 2229 temporibus
607 2153 804 2212 callidissime
830 2153 986 2212 serviens:
1027 2154 1108 2221 idern,

223 2257 369 2315 simulac
393 2264 425 2314 se
448 2265 607 2314 remiserat
629 2275 729 2332 neque
756 2276 850 2314 causa
873 2257 999 2315 suberat
1025 2261 1108 2333 quare

223 2360 316 2416 animi
331 2359 468 2417 laberem
486 2359 841 2435 perferret‚·luxuriosuS‚
859 2360 1037 2433 dissolutus,
1053 2359 1108 2417 libi·
1125 2359 1144 2410 ¹5
1167 2419 1168 2423 ,

222 2463 360 2533 dinosus,
381 2462 590 2539 intemperans
613 2463 829 2538 reperiebatur,
850 2473 882 2522 ut
897 2472 1004 2523 omnes
1027 2463 1107 2521 admi-
1166 2479 1167 2488 ¹

222 2575 360 2624 rareutur
383 2566 413 2623 in
437 2573 497 2624 uno
519 2565 643 2624 homine
670 2575 786 2624 tantam
809 2585 877 2625 esse
901 2563 1107 2625 dissimilitudi-
1164 2581 1165 2613 l

222 2688 293 2726 nem
309 2679 433 2744 tamque
449 2670 601 2726 diversam
618 2679 766 2727 naturam.

184 2774 206 2833 2
265 2766 423 2834 Educatus
439 2782 485 2830 est
501 2773 531 2830 in
549 2773 641 2831 domo
655 2773 763 2830 Pericli
777 2773 948 2851 (privignus
960 2774 1041 2832 enim
1052 2773 1105 2832 eius

222 2875 318 2933 fuisse
335 2874 469 2953 dicitur),
487 2876 624 2933 eruditus
639 2884 657 2933 a
675 2877 808 2934 Socrate.
855 2877 1000 2934 Socerum
1012 2873 1105 2934 habuit
1119 2877 1139 2911 ²⁰
1157 2873 1160 2929 l

256 3061 270 3110 3
300 3046 443 3096 memoriae
473 3047 658 3110 prodiderunt,
683 3052 915 3110 serpserunt—4
933 3048 1102 3107 excellentius,

226 3132 408 3191 praestantius.
419 3130 473 3177 -8
492 3131 620 3192 disertus,
639 3131 806 3192 &aquense
818 3145 842 3177 11
864 3133 995 3197 posceret,
1009 3131 1102 3194 postulli-

223 3221 267 3260 ret.
278 3240 311 3246 —
324 3226 353 3274 13
371 3213 500 3276 serviens,
515 3217 595 3260 zitens.
605 3240 639 3246 -
650 3225 679 3270 14
698 3214 815 3277 suberat,
829 3215 924 3261 aderat.
934 3243 967 3250 -
979 3228 1008 3279 15
1020 3211 1102 3279 perfer·

222 3296 274 3359 ret,
287 3296 411 3342 toleraret.
