2434 3720
517 881 784 965 HANNIBAL.

163 1127 185 1185 1
244 1137 433 1208 Hnuurssnn,
470 1133 658 1192 Hamilcaris
691 1133 785 1206 filius,
817 1132 1086 1211 Karthaginiensis.

202 1240 234 1298 Si
256 1245 359 1297 verum
382 1246 438 1309 est,
456 1238 539 1313 quod
563 1244 652 1296 neme
675 1236 805 1307 dubitat,
828 1244 861 1294 ut
883 1238 1015 1313 populus
1037 1239 1089 1294 Ro

200 1351 309 1400 menus
332 1348 440 1399 omnes
462 1347 571 1417 gentes
592 1339 703 1399 virtute
724 1338 884 1415 supererit,
902 1346 965 1398 nen
988 1349 1033 1399 est
1053 1347 1090 1396 in-

200 1445 361 1502 fitiandum
393 1443 603 1502 Hannibalem
635 1450 723 1502 tante
755 1442 947 1518 praestitisse
979 1450 1091 1503 ceteres

201 1548 401 1623 imperiteres
431 1546 603 1622 prudentie,
632 1553 749 1622 quante
779 1546 911 1622 populus
939 1549 1092 1605 Remenus
1121 1565 1131 1617 5

166 1665 183 1716 2
202 1651 365 1709 antecedat
382 1649 563 1708 fortitudine
584 1657 712 1708 chnctes
733 1649 885 1708 nationes.
931 1652 960 1708 N
964 1669 1011 1708 am
1027 1668 1093 1726 quo-

200 1754 414 1830 tienscumque
435 1772 505 1812 cum
526 1761 563 1812 ee
583 1771 768 1829 congressus
788 1761 836 1811 est
857 1752 888 1809 in
908 1739 1006 1825 italie,
1023 1771 1094 1812 sem·

201 1876 255 1934 per
285 1856 428 1916 discessit
459 1856 605 1932 superior.
662 1856 755 1928 Quod
785 1855 844 1914 nisi
874 1856 959 1914 domi
988 1856 1094 1914 civium

202 1968 325 2020 suerum
347 1959 462 2018 invidie
485 1959 663 2018 debilitatus
685 1968 776 2031 esset,
798 1961 957 2018 Romenos
979 1959 1095 2019 videtur

202 2072 345 2139 superare
369 2063 516 2140 potuisse.
563 2063 623 2121 Sed
649 2063 814 2121 multerum
840 2063 1025 2122 obtrectetie
1050 2063 1095 2121 de·
1113 2083 1135 2118 ιο

202 2166 274 2224 vicit
290 2175 380 2224 unius
395 2165 546 2224 virtutem.

168 2273 184 2322 3
245 2271 307 2328 Hic
323 2279 425 2327 autem
440 2269 524 2327 velut
539 2268 709 2327 hereditate
726 2269 865 2327 relictum
881 2269 987 2327 odium
1002 2279 1096 2346 pater-

202 2392 274 2430 num
288 2381 359 2449 erge
374 2375 534 2431 Romenes
551 2382 595 2430 sic
607 2372 801 2431 censervevit
817 2380 850 2430 ut
865 2370 950 2448 prius
967 2373 1096 2431 animam

203 2495 293 2552 quam
310 2475 341 2534 id
357 2475 544 2550 deposuerit,
562 2484 613 2551 qui
635 2475 768 2552 quidem,
786 2495 855 2533 cum
874 2474 973 2552 patrie
993 2476 1096 2552 pulsus

202 2588 285 2637 esset
301 2588 332 2636 et
347 2578 515 2636 alienarum
536 2597 628 2654 opum
650 2578 809 2654 indigeret,
827 2553 994 2654 numqiram
1010 2576 1097 2638 desti·
1115 2597 1138 2648 15

167 2676 188 2734 2
203 2681 273 2739 terit
286 2680 388 2740 animo
400 2680 515 2738 bellete
529 2700 597 2738 cum
611 2683 770 2739 Romanis.
816 2683 895 2739 Nam
912 2689 946 2739 ut
960 2683 1096 2740 omittam

203 2783 388 2859 Philippum,
407 2801 496 2858 quem
516 2783 629 2841 absens
649 2783 770 2842 hostem
787 2783 921 2842 reddidit
940 2785 1095 2855 Romanis,

202 2886 338 2945 omnium
354 2885 391 2942 iis
407 2884 597 2960 temporibus
614 2886 846 2960 potentissimus
862 2893 914 2944 rex
926 2888 1096 2946 Antiochus

201 2988 267 3047 fuit.
326 2990 419 3046 Hunc
442 2996 528 3046 tante
550 2988 719 3063 cupiditate
746 2989 883 3047 incendit
908 2989 1045 3049 bellandi
1067 2999 1097 3047 ut

243 3135 259 3180 4
276 3120 459 3185 praestitisse,
477 3122 642 3181 superavisse.
653 3121 709 3169 —6
727 3124 847 3186 cunctis,
867 3127 1023 3184 omnes—7
1042 3135 1098 3174 con-

202 3215 310 3266 gressus
322 3204 374 3267 est,
387 3204 527 3250 dimicavit.
536 3231 570 3238 -
580 3216 608 3268 13
627 3203 757 3274 animam,
775 3205 946 3255 vitam-16
963 3206 1097 3274 omittam,

202 3292 369 3355 praeteream.
