2434 3720
289 225 293 231 ’
388 252 621 302 nncrnrvnnns.
656 265 731 316 9‚10.
974 251 1009 304 39

61 427 77 475 5
98 421 236 481 tetiene.
283 421 344 480 Sed
360 419 485 479 videbat
504 420 535 479 id
554 420 620 478 sine
639 427 710 496 rege
728 422 820 478 Perse
836 427 898 480 nen
914 439 1006 496 posse

98 525 181 596 fieri,
209 523 342 599 ideeque
368 541 438 596 eum
464 532 595 581 amicum
622 522 680 580 sibi
707 522 852 598 cupiebat
881 521 1007 599 adiungi

99 645 208 704 neque
235 625 399 706 dubitabat
421 625 512 684 facile
536 633 570 684 se
593 633 837 697 censecutrirum,
863 634 889 684 si
913 625 1006 684 modo

99 729 171 788 eius
181 727 390 787 conveniundi
400 728 559 787 habuisset
569 737 764 805 potestetem.
790 731 882 786 'Nam
892 731 1006 808 Cyrum

97 833 232 890 fretrem
247 841 276 890 ei
289 832 405 890 bellum
425 832 505 890 clam
524 839 633 907 parare
650 831 906 889 Lacedaemoniis
921 831 1005 890 adiu·
1041 846 1054 899 5

99 934 252 994 vantibus
268 934 405 993 sciebat:
429 935 461 992 id
483 943 509 992 si
532 933 712 1011 aperuisset,
729 942 873 1010 megnam
895 941 928 992 se
951 933 1004 992 ini·

99 1048 206 1102 turum
221 1037 350 1114 gretiam
366 1037 500 1096 videbat.

46 1137 113 1221 10·
148 1142 222 1199 Hec
242 1158 311 1198 cum
332 1140 488 1198 meliretur
509 1149 688 1217 peteretque
707 1149 725 1199 e
747 1140 948 1199 Pharnabazi>
972 1150 1004 1201 ut

100 1243 144 1300 ad
169 1251 271 1319 regem
294 1242 472 1316 mitteretur,
496 1243 606 1302 eedem
628 1252 766 1318 tempore
790 1243 903 1303 Critias
925 1251 1003 1303 cete-

100 1355 190 1423 rique
210 1354 334 1424 tyranni
352 1345 590 1404 Atheniensium
611 1353 711 1416 certes
731 1327 872 1405 homines
891 1347 930 1405 ad
947 1349 1002 1425 Ly·
1023 1371 1052 1404 ro

101 1449 253 1517 sandrum
283 1448 314 1505 in
340 1448 448 1506 Asiam
478 1457 633 1519 miserant,
661 1458 713 1524 qui
743 1467 812 1507 eum
840 1449 1006 1509 certierem'

99 1553 252 1623 facerent,
279 1550 339 1610 nisi
364 1550 558 1610 Alcibiadem
585 1552 768 1624 sustulisset,
794 1551 871 1609 nihil
897 1562 1001 1611 earum

99 1662 203 1722 rerum
222 1654 289 1712 iore
313 1663 412 1713 ratum
433 1663 510 1730 ques
531 1654 596 1730 ipse
615 1654 747 1713 Athenis
767 1655 1001 1714 censtituisset:

100 1765 206 1834 quare,
226 1766 252 1815 si
274 1765 348 1816 sues
370 1765 418 1815 res
440 1766 546 1834 gestes
569 1765 691 1816 manere
712 1759 812 1829 vellet,
830 1758 914 1816 illum
937 1778 1002 1834 per·

61 1870 81 1920 2
99 1867 290 1936 sequeretur.
325 1861 384 1918 His
401 1862 484 1930 Lace
500 1861 590 1919 rebus
606 1868 777 1920 commetus
792 1861 900 1920 statuit
916 1872 1001 1922 accii·
1021 1883 1050 1935 15

100 1964 199 2023 retius
223 1963 284 2022 sibi
306 1963 459 2040 agendum
481 1982 550 2022 cum
572 1965 783 2024 Pharnabaze.
829 1963 913 2023 Huic
928 1973 1000 2042 erge

99 2065 260 2126 renirntiat
275 2085 354 2143 quae
371 2074 439 2142 regi
453 2085 522 2124 cum
539 2067 793 2126 Lacedaemoniis
809 2077 923 2139 essent,
940 2068 1001 2127 nisi

101 2169 298 2230 Alcibiadem
327 2179 429 2227 vivum
459 2178 512 2228 aut
540 2179 693 2228 mortuum
722 2170 782 2229 sibi
811 2171 1010 2236 tra'rdidisset.¹

63 2279 83 2328 3
102 2276 174 2332 Nr‘rn
190 2272 262 2331 tulit
276 2273 358 2330 hunc
374 2279 512 2348 satrapes
529 2282 559 2331 et
574 2273 688 2332 violere
701 2274 896 2332 clementiam
908 2294 1000 2349 quarn

99 2375 182 2454 regis
198 2382 274 2452 opes
290 2374 386 2432 minui
401 2361 517 2434 meluit.
563 2378 673 2451 Itaque
689 2376 771 2435 misit
788 2377 1000 2436 Susamithren
1019 2399 1050 2433 20

100 2487 131 2538 et
149 2481 305 2556 Bagaeum
322 2478 363 2536 ad
378 2477 573 2536 Alcibiadem
594 2478 848 2552 interficiendum,
865 2499 933 2539 curn
949 2481 1000 2540 ille

101 2592 185 2641 esset
215 2580 246 2638 in
278 2579 412 2659 Phrygia
441 2580 560 2658 iterque
593 2582 633 2639 ad
665 2589 768 2659 regern
798 2593 997 2659 compareret.

66 2686 194 2743 4Missi
216 2684 295 2742 clam
318 2683 470 2742 vicinitati
499 2683 530 2742 in
553 2693 615 2760 quai.¹
636 2694 700 2743 tum
724 2685 901 2745 Alcibiades
924 2697 997 2760 erat,

102 2786 178 2845 dant
201 2785 358 2864 negetium
381 2796 414 2845 ut
437 2805 506 2844 eum
529 2786 723 2848 interficiant.
769 2788 819 2846 Illi
834 2808 902 2847 curn
918 2791 999 2850 ferre

102 2890 227 2967 aggredi
243 2897 305 2949 nen
322 2889 480 2961 auderent,
498 2898 593 2948 noctu
610 2891 692 2967 ligna
708 2891 902 2950 contulerunt
917 2892 999 2952 circe
1018 2913 1031 2947 2
1036 2913 1048 2965 5

133 3085 149 3132 4
169 3073 345 3136 potestatem,
367 3071 591 3119 eccesiam-6
613 3072 774 3137 aperuisset,
793 3075 1000 3137 patefecisset.-

101 3151 116 3202 8
141 3155 290 3219 militetur,
309 3159 477 3215 compareret.
490 3182 525 3190 —-
539 3168 567 3200 12
595 3155 764 3220 sustulisset,
783 3156 954 3220 interjectlset.
965 3185 1000 3194 -

105 3251 133 3300 13
150 3239 249 3304 ratum,
261 3242 429 3286 cemiteriu—
437 3251 469 3285 20
486 3237 595 3301 miluit,
608 3240 756 3299 anteposuit.
764 3267 797 3274 —
805 3253 837 3298 24
849 3240 998 3306 negetium,

102 3328 209 3383 operam.
