2434 3720
186 225 218 272 28
527 225 658 274 CIMON.
694 241 716 291 3,
729 241 752 287 4.

147 390 170 450 3
228 392 349 465 Quibus
365 393 456 452 rebus
473 413 541 452 cum
558 403 637 452 unus
653 395 684 452 in
700 394 824 453 civitate
848 393 979 455 menime
1001 394 1093 455 flere-

186 506 239 568 ret,
260 495 368 554 incidit
391 497 422 554 in
449 497 579 555 eandem
605 497 753 556 invidiam
780 516 871 573 quam
896 489 985 575 pater
1012 517 1091 558 suus

187 606 341 674 ceterique
368 599 605 658 Atheniensium
631 601 785 677 principes
801 624 812 678 :¹
838 619 908 658 nam
934 609 1090 660 testarum

187 701 350 778 suffragiis,
365 704 448 778 quod
465 703 508 760 illi
523 703 718 780 ὀστρακισμόν
728 712 850 775 vocant,
868 704 975 761 decem
992 713 1091 765 annii

152 803 169 853 2
187 824 252 861 rum
265 804 373 863 exsilio
385 807 531 864 multatus
542 814 598 864 est.
626 806 721 865 Cuius
733 807 806 864 iacti
819 805 949 864 celerius
958 808 1092 866 Atheni·
1137 825 1153 875 5

129 902 134 906 ’
187 915 277 965 enses
294 927 386 983 quam
402 909 502 984 ipsum
518 908 678 984 paenituit.
724 911 890 967 Namcum
908 908 959 972 ille
980 911 1089 971 anime

186 1011 258 1068 forti
274 1010 408 1069 invidiae
424 1010 613 1088 ingretdrum
625 1011 736 1069 civium
749 1011 896 1070 cessisset
906 1012 1089 1090 bellumque

184 1113 428 1175 Lacedaemonii
443 1113 687 1173 Atheniensibus
710 1114 903 1186 indixissent,
920 1116 1089 1176 censestim

187 1224 278 1274 netae
304 1213 381 1275 ¹eius
411 1216 531 1275 virtutis
568 1216 754 1274 desiderium
791 1224 991 1276 censecutum
1027 1231 1087 1280 est.

154 1316 170 1366 3
189 1322 298 1395 ltaque
314 1329 384 1395 post
400 1339 514 1377 annum
531 1328 681 1396 quintum,
695 1339 786 1394 quam
803 1320 949 1396 expulsus
965 1332 1039 1395 erat,
1055 1323 1091 1382 in
1117 1346 1153 1380 ro

187 1423 316 1499 patriam
333 1431 494 1480 revocatus
510 1432 566 1480 est.
605 1422 672 1494 Ille,
686 1423 770 1498 quod
781 1422 920 1498 hospitid
932 1423 1091 1484 Lacedae-

187 1525 360 1584 monidrum
376 1524 526 1596 irtebetur,
541 1525 638 1583 satius
653 1525 833 1583 existimeris
844 1527 988 1584 concidere
995 1547 1092 1603 quam

188 1640 281 1686 armis
303 1628 499 1700 contendere,
524 1628 791 1686 Lacedaemonem
814 1638 870 1687 sua
897 1639 1008 1705 sponte
1037 1641 1092 1691 est

188 1733 344 1808 profectus
356 1740 527 1808 pacemque
543 1730 623 1789 inter
638 1732 716 1790 dues
731 1731 964 1807 potentissimas
983 1733 1093 1793 civitai-

154 1839 171 1887 4
188 1842 234 1893 tes
251 1834 434 1893 conciliavit.
477 1836 560 1906 Post,
574 1853 675 1910 neque
691 1833 733 1892 ita
745 1835 850 1906 multo,
865 1836 1000 1912 Cyprum
1016 1856 1092 1895 cum
1115 1855 1153 1906 15

188 1940 330 1997 ducentis
345 1938 476 1997 navibus
492 1938 657 2015 imperator
675 1946 797 2010 missuS,
814 1956 883 1994 cum
906 1938 972 1996 eius
994 1939 1092 1999 mais>

188 2061 251 2100 rem
266 2050 385 2117 partem
401 2041 520 2098 insulae
537 2039 711 2111 devicisset,
724 2039 755 2096 in
767 2040 907 2098 morbum
919 2040 1092 2116 implicitus

188 2145 219 2203 in
235 2145 350 2221 oppidd
367 2143 448 2203 Citio
464 2152 511 2201 est
527 2152 673 2201 mortuus

153 2239 176 2298 4
235 2249 329 2304 Hunc
345 2246 552 2304 Athenienses
568 2253 630 2304 non
648 2245 747 2303 solum
764 2245 793 2302 in
812 2245 904 2316 bello,
922 2247 1091 2306 sedetiam

189 2352 219 2408 in
236 2360 313 2427 pace
329 2349 381 2408 diu
397 2349 658 2407 desideraverunt.
705 2347 775 2406 Fuit
787 2347 869 2405 enim
881 2357 969 2408 tanta
980 2350 1092 2409 liberai-
1113 2372 1149 2406 20

189 2455 283 2525 litate,
315 2472 385 2510 cum
415 2451 623 2526 compluribus
653 2450 730 2508 iocis
760 2451 887 2525 praedia
917 2451 1091 2528 hortosque

189 2557 325 2627 haberet,
353 2565 386 2612 ut
412 2573 578 2629 numquam
605 2554 636 2611 in
660 2553 697 2611 iis
722 2554 882 2613 custodem
907 2554 1091 2631 imposuerit

188 2661 304 2717 fructus
331 2657 475 2715 servandi
500 2657 608 2732 gretie,
634 2663 673 2713 ne
700 2656 769 2732 quis
799 2656 997 2732 impediretur
1026 2667 1090 2734 quo

190 2763 290 2820 minus
313 2770 358 2819 eis
385 2760 475 2818 rebus
503 2759 615 2835 quibus
641 2758 771 2834 quisque
795 2760 897 2830 vellet,
925 2760 1086 2819 frueretur.

155 2866 172 2916 2
192 2868 318 2941 Semper
334 2881 402 2920 eum
419 2861 581 2937 pedisequi
597 2880 667 2919 cum
683 2871 815 2920 nummis
831 2871 903 2920 sunt
919 2872 1027 2936 secuti,
1044 2872 1087 2936 ut,
1110 2889 1143 2938 ²5

234 3061 243 3094 1
259 3045 372 3106 hereret,
381 3044 608 3090 illastrnretur.-
618 3055 647 3090 ro
666 3042 795 3104 expulsus
807 3043 874 3106 erat,
887 3044 977 3090 eiectus
988 3051 1051 3092 erat.
1059 3072 1090 3080 -

192 3143 220 3176 12
231 3128 403 3189 existimem,
417 3130 522 3187 putans.
539 3153 572 3160 -
587 3139 614 3185 17
634 3123 789 3188 devicisset,
807 3126 987 3188 subegisset-
998 3127 1028 3176 18
1046 3129 1089 3180 est

191 3214 321 3274 mortuus,
335 3210 400 3256 diem
422 3209 481 3254 obiit
497 3211 653 3267 supremum.
664 3233 697 3240 —
708 3219 738 3267 23
756 3207 854 3270 gratia,
867 3213 951 3255 causti.
961 3235 995 3244 —
1004 3209 1090 3274 impp.

198 3295 301 3357 ’ῐῐὲῒῑιῃ
316 3291 568 3354 promeritum—2
574 3302 586 3353 5
604 3288 755 3352 pedisequi,
766 3290 874 3351 famuli.
