2434 3720
409 234 628 284 AGESILAUS.
665 249 687 291 2,
700 249 723 298 3.
986 231 1018 282 59

110 402 193 480 quod
213 403 250 461 iis
269 401 392 460 studere
410 408 613 460 cansuessent
629 409 707 477 quas
724 408 907 459 conservare
925 401 1017 459 fidem

109 509 258 566 vidarent.

71 617 95 674 3
151 615 322 686 Postquam
355 608 540 667 indutiarum
571 607 728 684 praeteriit
761 609 835 681 dica,
868 613 1018 670 barbarus

110 723 172 774 nan
190 713 346 784 dubitans,
369 712 452 788 quod
476 711 573 787 ipsius
597 720 684 769 erant
708 712 838 788 plarima
863 715 1018 794 domicilia

110 819 139 876 in
156 818 247 877 Caria
263 828 294 875 et
311 835 348 874 ea
365 815 448 892 regia
465 815 502 873 iis
518 815 709 891 temporibus
733 818 830 876 multa
852 821 1019 894 putabatur
1055 835 1067 886 5

109 919 361 998 locupletissima,
380 926 418 977 ea
441 919 636 994 potissimum
659 920 766 977 hostas
792 920 938 997 impetum
958 924 1019 980 fac-

74 1033 201 1097 2tur65,
227 1031 349 1086 .omnes
388 1032 459 1082 suas
497 1023 602 1099 capias
640 1031 678 1082 ea
716 1033 917 1083 contraxerat.
977 1029 1018 1084 At

110 1128 273 1205 Agesilaus
297 1127 330 1184 in
354 1127 518 1204 Phrygiam
540 1135 573 1184 sa
600 1127 752 1186 convertit
777 1147 907 1204 eamque
934 1130 1018 1204 prius

110 1231 315 1308 depopulatus
346 1241 394 1288 est
432 1250 524 1306 quarn
556 1231 782 1306 Tissaphernas
822 1251 951 1307 usquam
985 1240 1018 1290 sa

110 1342 253 1393 moveret.
323 1336 440 1410 Magna
483 1334 597 1409 praeda
637 1333 784 1392 militibus
824 1334 1018 1410 locupletatis
1040 1359 1069 1393 10

112 1438 267 1513 Ephesum
299 1437 468 1495 hiematum
501 1437 668 1494 exercitum
702 1437 822 1495 reduxit
854 1446 946 1512 atque
976 1438 1018 1495 ibi

111 1541 238 1599 officinis
257 1547 410 1597 armatum
429 1540 577 1598 institutis
595 1548 708 1616 magna
732 1539 884 1598 industria
904 1541 1018 1599 bellum

111 1643 277 1720 apparavit.
326 1645 364 1701 Et
392 1651 454 1718 qua
482 1643 650 1701 studiasius
681 1652 872 1701 armarentur
896 1643 1018 1720 insigni-

112 1766 206 1823 usque
230 1755 422 1817 amarentur,
443 1745 579 1822 praemia
602 1746 774 1822 praposuit,
793 1747 905 1822 quibus
926 1748 1018 1806 dana·

112 1859 213 1908 rentur
243 1857 374 1925 quarum
404 1849 525 1925 agregia
550 1849 581 1906 in
604 1859 640 1907 ea
664 1857 696 1907 re
720 1849 830 1907 fuisset
856 1849 1015 1908 industria.
1039 1873 1067 1922 15

80 1953 196 2010 aracit
225 1953 309 2010 idem
341 1953 371 2010 in
405 1953 658 2010 exercitationum
690 1952 864 2028 generibuS,
896 1961 937 2025 ut,
966 1962 1017 2028 qui
1047 1997 1049 2004 ,

113 2063 219 2115 cateris
242 2056 481 2132 praestitissent,
501 2064 555 2114 eas
577 2065 697 2132 magnis
721 2056 867 2113 adficeret
890 2056 1017 2113 muneri·
1088 2107 1093 2116 .

113 2158 175 2217 bus.
224 2161 285 2216 His
309 2159 401 2235 igitur
425 2159 516 2216 iabus
540 2159 642 2217 effecit
670 2167 703 2216 ut
730 2167 761 2216 et
788 2158 1017 2217 amatissimum

82 2267 142 2319 4et
157 2261 448 2320 exercitatissimum
473 2263 599 2319 haberet
625 2262 799 2319 exercitum.
848 2262 932 2319 Huic
948 2282 1017 2319 curn

115 2373 232 2441 tempus
256 2374 340 2423 esset
364 2374 463 2422 visum
491 2365 597 2440 capias
626 2366 786 2422 extrahere
814 2384 851 2422 ex
877 2365 1017 2423 hiberna·
1037 2387 1068 2420 20

116 2469 196 2540 culis,
214 2469 300 2537 vidit,
323 2477 357 2539 si,
385 2476 446 2544 qua
470 2478 552 2527 esset
576 2468 633 2526 iter
656 2469 802 2539 facturus,
829 2468 929 2544 palam
951 2475 1017 2544 pra-

117 2572 295 2643 nuntiasset‚
313 2572 419 2629 hostas
442 2580 504 2630 nan
526 2572 695 2630 credituras
718 2571 855 2645 aliasque
877 2571 1017 2647 regiones

88 2776 264 2834 biactarum
287 2787 325 2836 ac
345 2778 584 2853 pronuntiasset.
631 2781 739 2855 Itaque
757 2798 826 2836 curn
844 2779 894 2836 ille
913 2779 1017 2836 Sardis
1096 2779 1098 2784 ’

119 2878 224 2938 iturum
255 2889 288 2940 sa
316 2881 454 2953 dixisset,
483 2881 708 2957 Tissaphernes
735 2883 866 2940 eandem
893 2883 1015 2941 Cariam
1037 2901 1066 2952 25

120 2982 345 3042 daiendendam
375 2984 502 3060 putavit.
550 2987 587 3042 In
618 2993 679 3061 qua
710 3004 778 3042 curn
810 3005 879 3043 eum
911 2985 1016 3060 opinia

164 3150 172 3182 1
193 3139 307 3201 studere,
320 3138 483 3201 savara—3
502 3137 568 3201 dias,
588 3145 691 3198 tempus.
703 3151 753 3198 -7
773 3139 951 3200 contraxerat,
961 3154 1015 3184 con-

124 3218 216 3279 legerat.
225 3235 280 3283 —9
297 3221 477 3283 dapopulatus
490 3222 540 3283 est,
555 3221 672 3266 vastavit.
681 3248 715 3255 -
724 3234 752 3266 12
768 3219 912 3283 industria,
925 3221 1013 3268 studia.

124 3315 191 3349 —20
208 3304 356 3366 extrahere,
369 3303 478 3350 elucere.
