2434 3720
354 225 650 273 THEMISTOCLES.
686 239 709 286 7,
721 225 745 273 8.
967 225 997 275 15

99 390 200 458 tendit
214 391 294 449 salsa
311 392 347 449 iis
363 410 431 449 esse
447 392 568 451 delata:
590 401 683 468 quare
699 411 830 467 aequum
846 412 915 452 esse
928 393 996 453 illas

98 494 181 552 viras
204 495 304 553 bonas
324 494 506 571 nabilesque
530 495 649 554 mittere
673 496 785 571 quibus
806 497 884 555 fides
905 498 996 555 habe-

97 604 190 669 retur,
216 607 268 673 qui
301 617 364 654 rem
398 599 607 673 explararent:
645 598 762 658 interea
793 606 825 658 se
856 599 996 658 obsidem

60 707 78 756 3
96 701 274 759 retinerent.
320 702 435 759 Gestus
451 710 499 759 est
514 710 542 759 ei
558 708 633 773 mas
647 709 770 777 tresque
791 702 883 779 legati
898 703 995 761 functi

96 813 226 861 summis
250 804 418 862 honaribus
443 805 583 863 Athenas
610 814 696 863 missi
720 815 800 864 sunt.
846 808 924 865 Cum
947 807 994 864 his
1032 822 1044 872 5

95 906 244 982 conlegas
269 914 341 965 suas
363 906 589 966 Themistocles
613 907 701 966 iussit
723 909 876 984 proficisci
895 909 994 984 iisque

95 1010 249 1085 praedixit
279 1019 312 1068 ut
342 1017 380 1067 ne
413 1009 496 1085 prius
527 1011 844 1071 Lacedaemoniarum
877 1013 994 1088 legatas

59 1113 287 1171 4dimitterent
310 1131 401 1188 quam
424 1113 490 1188 ipse
513 1123 597 1172 esset
618 1124 774 1174 remissus.
820 1116 889 1173 Has
913 1125 994 1191 post·

95 1235 188 1291 quarn
209 1215 349 1274 Athenas
370 1215 548 1292 pervenisse
569 1226 654 1275 ratus
670 1227 725 1287 est,
743 1218 783 1275 ad
798 1217 993 1294 magistratus

94 1328 300 1394 senatumque
327 1319 643 1378 Lacedaemoniarum
673 1320 748 1378 adiit
774 1330 805 1378 et
831 1321 913 1396 apud
938 1329 993 1380 eas
1014 1343 1044 1377 10

94 1422 249 1481 liberrime
271 1422 430 1498 professus
453 1432 517 1481 est:
544 1422 751 1482 Athenienses
774 1431 830 1482 sua
853 1423 991 1495 camilia,

93 1525 179 1601 quod
203 1533 357 1583 communi
382 1525 446 1584 iare
470 1525 608 1601 gentium
631 1526 733 1584 iacere
757 1536 893 1602 possent,
917 1527 992 1585 deas

92 1629 236 1705 publicos
252 1636 387 1704 suasque
402 1627 518 1704 patrias
534 1637 571 1688 ac
586 1636 724 1704 penates,
741 1637 802 1704 qua
817 1629 937 1687 facilius
953 1630 993 1688 ab

92 1732 183 1791 hoste
202 1741 331 1808 possent
354 1731 531 1803 defendere,
549 1741 641 1790 maris
664 1732 828 1808 saepsisse,
846 1752 945 1808 neque
962 1733 993 1789 in

57 1839 73 1888 5
92 1840 130 1894 ea
146 1835 233 1912 quod
249 1833 355 1893 inatile
371 1843 453 1892 esset
469 1834 619 1892 Graeciae
635 1835 756 1893 iecisse.
777 1837 857 1892 Nam
873 1835 992 1893 illorum
1014 1855 1043 1907 15

92 1939 202 1998 urbem
218 1947 251 1996 ut
266 1937 530 2014 prapagnaculum
553 1937 729 2013 oppositum
752 1956 820 1996 esse
842 1939 990 2009 barbaris,

92 2042 177 2117 apud
201 2060 293 2117 quam
317 2041 377 2098 iam
400 2040 448 2099 bis
471 2041 587 2098 classes
613 2040 712 2116 regias
738 2041 849 2098 fecisse
874 2042 992 2098 naufra-

56 2153 73 2202 6
90 2145 185 2221 gium.
211 2143 477 2203 Lacedaemonias
495 2153 596 2201 autem
612 2143 691 2201 male
707 2153 737 2201 et
753 2143 864 2202 iniuste
880 2143 989 2215 iacere,

92 2258 144 2324 qui
160 2248 193 2306 id
206 2247 310 2324 potius
326 2247 525 2318 intuerentur,
538 2247 622 2322 quod
638 2246 772 2322 ipsarum
789 2245 991 2304 dominationi

92 2370 185 2428 quam
202 2351 287 2428 quod
303 2350 462 2412 universae
479 2349 627 2408 Graeciae
649 2349 721 2407 atile
742 2358 833 2408 esset.
878 2350 990 2422 Quare,
1011 2372 1042 2405 20

92 2465 118 2512 si
133 2462 209 2513 suas
226 2453 345 2530 legatos
361 2452 497 2528 recipere
513 2452 636 2523 vellent,
654 2459 732 2527 quas
749 2453 889 2511 Athenas
905 2462 992 2510 mise·

92 2568 169 2628 rant,
195 2564 229 2615 se
254 2555 454 2627 remitterent,
477 2575 540 2614 cum
567 2555 655 2613 aliter
678 2554 747 2613 illas
771 2574 938 2631 numquam
961 2555 991 2613 in

92 2661 224 2737 patriam
240 2669 345 2718 essent
361 2667 521 2734 recepturi.

54 2768 78 2828 8
134 2765 256 2821 Tamen
290 2769 352 2820 nan
386 2761 492 2838 effugit
526 2761 637 2819 civium
674 2769 798 2824 suarum
835 2761 990 2820 invidiam.

58 2927 61 2936 ,
94 2869 238 2943 Namque
262 2865 302 2923 ob
327 2865 459 2926 eundem
486 2864 624 2922 timerem
650 2872 711 2940 qua
737 2865 902 2922 damnatus
928 2875 992 2923 erat
1011 2885 1041 2936 25

94 2969 263 3039 Miltiades
289 2969 468 3026 testularum
499 2967 652 3044 suffragiis
679 2974 695 3025 e
721 2967 845 3026 civitate
875 2967 991 3026 eiectus

136 3138 145 3170 1
163 3135 225 3174 esse
240 3120 342 3184 delata,
358 3136 407 3168 esse
423 3121 551 3167 rezirrtidta.
562 3133 617 3179 -7
634 3120 779 3183 praedixit,
787 3122 924 3181 praecepit.
933 3135 992 3183 -9

93 3209 168 3257 ratus
187 3207 240 3268 est,
260 3204 402 3250 arbitratus
419 3210 544 3251 esa-11
564 3200 704 3266 professus
721 3211 771 3267 est,
790 3204 863 3250 verba
874 3203 949 3266 fecit.
959 3231 992 3239 —-

96 3301 124 3352 25
136 3290 179 3352 ob,
188 3293 304 3350 propter.
