2474 3718
228 195 260 250 70
527 193 733 246 HANNIBAL.
770 210 790 262 5,
803 195 826 247 6.

227 373 328 437 roton,
357 365 442 424 dedit
468 365 570 423 verba.
617 367 759 441 Namque
786 365 922 424 obducta
948 373 1039 424 nocte
1065 383 1120 423 sar-

227 478 332 526 menta
360 468 391 524 in
422 467 566 525 cornibus
596 467 794 526 iuvencorum
823 467 958 544 deligata
987 467 1121 526 incendit

227 569 355 645 eiusque
377 569 499 646 generis
523 569 751 628 multitudinem
775 578 918 645 magnam
942 569 1120 645 dispalatam

227 671 361 731 immisit.
407 673 477 744 Quo
496 679 658 747 repentino
675 672 797 731 obiecto
813 681 880 730 visu
895 679 1016 730 tantum
1034 679 1121 731 terro

226 794 290 833 rem
312 775 416 833 iniecit
438 775 585 832 exercitui
610 777 820 834 Romanorum
843 785 876 834 ut
907 775 1013 852 egredi
1040 783 1121 833 extra
1154 789 1166 840 5
1213 785 1214 840 l

192 879 338 941 3vallum
363 884 454 936 nemo
480 877 520 936 sit
547 897 650 936 ausus,
705 879 798 936 Hanc
822 888 894 954 post
917 897 981 935 rem
1004 888 1122 954 gestam
1213 843 1214 882 i

227 989 288 1039 non
305 981 347 1038 ita
367 981 469 1038 multis
492 980 602 1039 diebus
626 982 670 1039 M.
688 981 860 1039 Minucium
885 981 1008 1052 Rufum,
1034 981 1122 1057 magi-

226 1093 322 1142 strum
338 1083 474 1160 equitum
490 1093 556 1159 pari
571 1093 608 1142 ac
623 1084 804 1143 dictatorem
819 1083 956 1160 imperio,
970 1084 1044 1143 dolo
1059 1091 1122 1161 pro

226 1187 352 1245 ductum
364 1187 395 1244 in
407 1186 556 1263 proelium
568 1187 695 1263 fugavit.
739 1186 898 1245 Tiberium
909 1187 1122 1263 Sempronium

226 1290 409 1362 Gracchum,
426 1290 535 1348 iterum
558 1290 726 1364 consulem,
746 1291 777 1349 in
798 1292 933 1349 Lucanis
955 1291 1071 1348 absens
1093 1291 1123 1348 in
1141 1312 1168 1346 10

226 1392 355 1452 insidias
377 1393 535 1451 inductum
560 1393 693 1453 sustulit.
739 1395 782 1452 M.
807 1393 971 1453 Claudium
995 1394 1123 1452 Marcel·

226 1496 297 1568 lum,
311 1495 475 1572 quinquies
488 1497 655 1569 consulem,
670 1498 752 1573 apud
763 1497 934 1556 Venusiam
947 1507 1015 1574 pari
1030 1498 1123 1557 modo

191 1606 208 1654 4
226 1599 387 1658 interfecit.
437 1601 577 1676 Longum
600 1609 648 1658 est
669 1599 773 1658 omnia
795 1607 974 1660 enumerare
996 1600 1121 1677 proelia.

227 1703 329 1774 Quare
347 1702 407 1760 hoc
425 1711 518 1760 unum
538 1701 613 1761 satis
632 1701 689 1761 erit
708 1703 833 1776 dictum,
850 1724 889 1763 ex
906 1712 967 1780 quo
986 1703 1122 1780 intellegi

224 1808 325 1883 possit
340 1817 473 1884 quantus
496 1809 546 1867 ille
568 1808 677 1868 luerit:
711 1809 859 1885 quamdiu
881 1808 913 1866 in
939 1801 1030 1868 italia
1055 1808 1120 1880 luit,
1143 1829 1169 1880 15

226 1917 316 1970 nemo
339 1921 367 1970 ei
390 1911 420 1969 in
444 1910 510 1970 acie
532 1911 653 1984 restitit,
675 1919 766 1970 nemo
788 1911 936 1970 adversus
958 1930 1029 1969 eum
1052 1921 1122 1987 post

226 2015 422 2073 Cannensem
439 2024 573 2091 pugnam
588 2014 620 2072 in
636 2022 745 2091 campo
760 2022 861 2073 castra
876 2013 989 2090 posuit.

189 2123 213 2183 6
269 2117 353 2175 Hinc
369 2117 501 2176 invictus
514 2117 644 2193 patriam
656 2117 817 2175 defensum
830 2125 993 2176 revocatus
1008 2117 1122 2176 bellum

224 2219 321 2297 gessit
339 2220 487 2279 adversus
505 2223 536 2278 P.
557 2218 743 2296 Scipionem,
761 2219 859 2277 lilium
879 2219 945 2278 eius
967 2219 1122 2296 Scipionis

226 2342 315 2398 quem
346 2322 411 2399 ipse
441 2331 538 2403 primo
569 2324 652 2399 apud
679 2323 874 2395 Rhodanum,
900 2321 1010 2381 iterum
1040 2324 1122 2399 apud
1142 2345 1171 2379 κο

191 2427 352 2497 2Padum,
378 2426 469 2485 tertio
496 2427 578 2502 apud
603 2425 748 2484 Trebiam
775 2426 903 2502 iugarat.
958 2427 1038 2485 Cum
1063 2426 1122 2484 hoc

224 2529 383 2588 exhaustis
408 2529 467 2587 iam
492 2529 610 2604 patriae
632 2528 832 2588 facultatibus
856 2528 971 2605 cupivit
995 2528 1122 2604 imprae-

225 2632 391 2690 sentiarum
412 2633 526 2690 bellum
548 2640 741 2708 componere,
761 2639 822 2708 quo
842 2631 994 2690 valentior
1013 2639 1122 2708 postea

224 2735 469 2811 congrederetur.
523 2737 560 2792 In
579 2735 777 2811 conloquium
801 2733 965 2793 convenit:
990 2733 1122 2792 condici-

190 2846 300 2900 36nes
330 2846 392 2896 non
423 2845 641 2897 convenerunt.
704 2841 779 2896 Post
807 2837 839 2895 id
868 2838 986 2896 lactum
1014 2845 1121 2913 paucis
1143 2856 1172 2908 ²5

224 2941 334 2999 diebus
357 2942 439 3016 apud
461 2944 583 2999 Zamam
607 2961 676 3000 cum
699 2941 809 3000 eodem
832 2939 987 3013 conflixit;
1015 2940 1122 3016 pulsus
1213 2929 1214 3024 i

267 3105 280 3157 5
304 3093 405 3157 egredi,
424 3093 564 3142 Μῖνι-8
589 3094 659 3160 pari,
678 3095 852 3156 eidem—13
876 3094 1040 3157 enumerire,
1058 3109 1125 3140 com-
1213 3089 1214 3140 l

222 3182 414 3224 memorara-
423 3190 452 3224 22
471 3175 662 3242 facultatibus,
680 3179 756 3239 co'piis
762 3192 775 3235 ,·
809 3176 1073 3242 impraesentiirum,
1092 3177 1123 3224 in
1213 3149 1214 3197 i

224 3261 381 3322 praesentiri.
