2434 3720
182 199 198 248 2
479 199 693 248 MILTIADES.
730 213 750 257 1,
764 212 787 246 2.

183 366 327 442 aquildne
351 366 487 425 venisset
511 369 669 425 Lemnum.
715 367 778 424 Hic
800 365 882 424 enim
905 374 1015 423 ventus
1038 365 1077 423 ab

183 469 444 545 septentrionibus
482 469 583 528 oriens
623 469 786 528 adversum
824 476 910 526 tenet
946 467 1077 526 Athenis

147 572 456 649 6proficiscentibus.
511 572 668 631 Miltiades
698 571 839 629 morandi
868 580 988 646 tempus
1015 577 1077 629 nen

182 676 301 734 habens
327 695 449 734 cursum
478 675 589 734 direxit
615 682 677 752 que
703 675 852 733 tendebat
876 672 1077 750 pervenitque

183 779 420 838 Chersonesum.
815 825 820 838 .
1116 791 1129 843 5

141 881 163 940 2
222 881 270 939 lbi
298 882 384 940 brevi
413 890 552 958 tempore
579 882 779 941 barbarerum
804 879 902 956 cepiis
929 877 1075 951 disiectis,

182 991 248 1043 tete
273 983 397 1060 regione
424 1004 516 1060 quam
542 985 672 1060 petierat
698 993 823 1060 potitus,
848 983 917 1041 loca
942 981 1077 1040 castellis

183 1085 296 1145 idenea
311 1087 496 1158 communiit,
514 1087 741 1146 multitudinem
760 1105 851 1162 quam
866 1093 972 1144 secum
987 1085 1078 1144 duxe-

183 1198 230 1248 rat
262 1189 294 1247 in
326 1200 407 1266 agris
429 1191 602 1250 conlocevit
635 1191 810 1266 crebrisque
845 1187 1078 1248 excursienibus

149 1299 166 1350 2
183 1293 390 1368 locupletavit.
422 1295 531 1370 Neque
547 1295 647 1353 minus
664 1294 695 1352 in
712 1304 748 1354 ee
763 1303 794 1354 re
810 1293 973 1370 predentie
986 1311 1078 1368 quam
1099 1313 1129 1347 10

183 1396 329 1454 felicitete
356 1396 479 1455 adiutus
505 1407 560 1456 est.
611 1400 691 1457 Nam
718 1417 787 1457 cum
813 1398 924 1456 virtute
949 1396 1078 1454 militum

184 1499 350 1558 devicisset
371 1499 507 1558 hostium
528 1501 687 1573 exercitiis
712 1510 830 1560 summai
852 1499 1007 1576 aequitate
1030 1506 1078 1558 res

151 1610 167 1660 3
185 1602 346 1661 censtituit
361 1613 453 1679 atque
469 1603 535 1679 ipse
552 1603 668 1662 ibidem
683 1611 807 1663 manere
824 1602 967 1662 decrevit.
1006 1603 1080 1660 Erat

185 1705 267 1763 enim
296 1704 376 1764 inter
405 1713 459 1765 eos
489 1705 639 1783 dignitate
668 1706 760 1784 regie,
786 1714 925 1782 quamvis
955 1705 1079 1763 carebat

185 1807 318 1880 nemine,
336 1827 437 1884 neque
456 1809 488 1867 id
506 1809 603 1886 magis
625 1808 753 1885 imperie
769 1828 862 1884 quam
877 1807 993 1866 iestitie
1009 1815 1079 1866 cen·
1100 1825 1128 1877 15

185 1921 319 1970 secutus.
364 1914 474 1988 Neque
494 1920 531 1971 ee
552 1911 648 1971 setius
665 1911 915 1982 Atheniensibus,
933 1919 951 1970 e
968 1910 1079 1986 quibus

186 2024 250 2073 erat
279 2015 444 2090 proiectus,
475 2015 575 2074 officia
597 2017 783 2092 praestebat.
838 2014 958 2088 Quibus
987 2013 1079 2072 rebus

185 2119 282 2176 fiebat
302 2126 336 2176 ut
356 2125 417 2176 non
439 2118 540 2176 minus
558 2126 662 2177 cerum
680 2119 838 2177 voluntate
858 2123 1009 2193 perpetue
1029 2115 1080 2173 im-

185 2220 303 2297 perium
327 2205 479 2280 obtineret
501 2230 554 2297 qui
575 2230 729 2292 miserant,
755 2239 844 2295 quam
868 2219 988 2278 illerum
1010 2239 1080 2278 cum

151 2332 169 2380 4
186 2323 297 2398 quibus
320 2333 385 2382 erat
406 2325 571 2399 profectus.
617 2324 814 2384 Chersonesb
829 2324 883 2382 teli
902 2323 995 2381 mode
1011 2329 1081 2381 cen·
1099 2342 1128 2376 20

186 2425 293 2484 stitutai
315 2429 466 2485 Lemnum
487 2426 649 2486 revertitur
670 2435 702 2485 et
723 2446 760 2486 ex
782 2433 875 2502 pacte
893 2426 1029 2502 postulat
1048 2433 1081 2483 ut

186 2528 246 2587 sibi
262 2530 368 2588 urbem
383 2530 514 2588 tredant.
561 2531 610 2588 Illi
633 2529 715 2588 enim
737 2530 886 2600 dixerant,
904 2548 972 2588 cum
987 2536 1081 2587 vente

186 2632 281 2690 boree
293 2633 385 2691 dome
397 2633 553 2708 profectus
566 2641 604 2692 ee
615 2633 815 2710 pervenisset,
828 2639 896 2691 sese
912 2631 1079 2703 deditium,

153 2740 220 2794 5se
245 2744 347 2793 autem
374 2737 498 2794 domum
523 2737 711 2795 Chersonesi
735 2737 858 2794 habere.
904 2737 1009 2807 Ceres
1030 2743 1082 2810 qui

187 2847 251 2896 tum
268 2840 418 2896 Lemnum
434 2838 619 2911 incolebant,
633 2848 692 2898 etsi
707 2848 828 2915 praeter
840 2838 1018 2914 opinienem
1033 2844 1081 2896 res
1100 2853 1129 2906 ²5

187 2940 349 3013 ceciderat,
377 2950 480 3001 tamen
506 2949 567 3000 nen
596 2942 688 3015 dicte,
714 2942 770 3000 sed
799 2941 937 3000 secunde
959 2941 1083 2999 fortune

229 3093 245 3142 6
256 3093 387 3158 disiectis,
390 3095 559 3158 jugalem-8
573 3095 678 3160 idbnea,
689 3101 876 3156 apportana.—
886 3108 915 3142 10
927 3093 1081 3157 prudentii,

187 3179 401 3240 sapientire-13
428 3178 555 3241 decrevit,
579 3176 758 3225 statuit—16
783 3177 879 3240 setius,
903 3177 1065 3224 minua-2
1070 3187 1083 3240 5

188 3260 301 3322 praeter,
316 3265 410 3306 cantui.
