2434 3720
176 242 207 291 12
426 243 724 292 THEMISTOCLES.
759 260 782 305 4,
798 257 819 309 5.
845 237 847 246 ¹

174 410 388 469 sacerdotibus
405 417 483 486 quos
500 410 532 468 in
548 430 618 470 arce
638 411 805 483 invenerat,
828 406 975 471 incendio
991 412 1080 471 dele·

140 523 157 575 2
174 513 225 572 vit.
272 513 367 573 Cirius
383 513 507 573 flamme
528 515 681 590 perterriti
696 515 846 574 classiarii
861 534 931 574 cum
946 523 1068 575 manere

174 624 238 675 non
254 617 403 675 auderent
424 626 455 675 et
475 617 595 693 plurimi
615 617 810 677 hortarentur
825 627 858 678 ut
872 618 982 677 domos
998 627 1069 677 suis

174 720 370 779 discederent
398 720 623 797 moenibusque
653 729 686 780 se
715 721 926 794 defenderent,
949 721 1078 780 Themi--

174 823 288 882 stocles
309 832 387 880 imus
409 823 521 881 restitit
541 833 571 882 et
593 823 751 883 universos
774 830 863 900 pares
886 843 955 885 esse
977 842 1069 900 posse

174 925 285 997 siebat,
308 926 466 1001 dispersos
489 927 660 985 testabatur
681 926 840 1002 perituros,
863 926 1080 1006 idque‘Eury-'¹

174 1028 267 1100 biadi,
299 1035 362 1105 regi
400 1028 723 1102 Lacedaemoniorum,
752 1039 804 1106 qui
837 1039 901 1088 tum
933 1045 1079 1088 summae*-

140 1141 157 1190 3
175 1132 282 1208 imperi
297 1141 445 1208 praeerat,
462 1132 528 1191 iore
545 1132 738 1192 adfirmabat.
770 1133 870 1206 Quem
886 1152 954 1191 cum
970 1133 1069 1192 minus

175 1254 266 1311 quam
281 1234 387 1293 ·vellet
413 1242 557 1308 moveret,
584 1245 678 1294 noctu
703 1236 742 1295 de
768 1245 864 1294 servis
890 1245 953 1294 suis
980 1253 1070 1311 quem

174 1338 282 1396 habuit
304 1338 514 1397 fidelissimum
536 1340 576 1397 ad
597 1346 697 1416 regem
717 1338 807 1410 misit,
825 1348 858 1397 ut
873 1348 901 1397 ei
917 1338 1124 1397 mintisretuo

141 1446 239 1500 4suis
268 1441 370 1500 verbis
402 1442 595 1501 adversarios
621 1442 687 1501 eius
711 1442 742 1499 in
764 1442 837 1518 fugai
860 1460 946 1500 esse:
971 1439 1023 1518 qui
1044 1449 1070 1504 si

175 1543 402 1615 discessissent,
429 1544 544 1604 maiore
571 1563 640 1602 cum
670 1544 775 1603 labore
800 1554 832 1603 et
856 1543 1070 1620 longinquiore

175 1657 312 1724 tempore
328 1647 443 1706 bellum
460 1643 679 1719 coniecturum,
697 1666 765 1705 cum
788 1647 925 1724 singulos
948 1654 1071 1706 consec·
1115 1685 1118 1690 ·
1207 1701 1208 1704 ,

175 1759 233 1810 tiri
255 1758 435 1828 cogeretur:
465 1758 543 1826 quos
566 1759 592 1810 si
614 1750 717 1810 statim
740 1743 964 1827 aggrederetur,
987 1751 1072 1808 brevi

176 1854 336 1914 universos
352 1863 578 1932 oppressurum.
604 1851 676 1913 Hoc
691 1861 728 1912 eo
744 1855 874 1925 valebat,
885 1863 919 1911 ut
934 1853 1071 1930 ingratiis
1091 1876 1123 1928 15

142 1963 159 2012 5
177 1959 216 2016 ad
232 1958 471 2035 depugnandum
487 1965 594 2016 omnes
610 1965 801 2034 cogerentur.
834 1959 904 2015 Hsc
920 1964 951 2015 re
967 1957 1072 2014 audite

176 2062 334 2133 barbarus,
351 2061 427 2119 nihil
450 2060 513 2120 doli
536 2061 665 2120 subesse
685 2061 823 2131 credens,
837 2056 988 2135 'postridie
1004 2059 1072 2118 alie

178 2163 306 2223 nissimi>
329 2163 387 2222 sibi
410 2164 488 2235 loco,
511 2172 618 2222 contre
640 2162 902 2240 opportunissimi)
920 2162 1071 2234 hostibuS,

178 2268 257 2327 adeo
290 2275 421 2343 angusto
458 2275 533 2324 mari
570 2265 707 2325 conflixit
744 2276 777 2324 ut
810 2265 875 2323 eius
910 2264 1073 2325 multitudo

178 2370 301 2430 navium
331 2369 477 2445 expliciti
507 2375 569 2428 non
599 2367 741 2444 potuerit.
785 2369 895 2426 Victus
924 2375 997 2445 ergo
1026 2377 1074 2426 est
1092 2392 1124 2427 20

177 2472 276 2551 magis
292 2471 384 2530 etiam
400 2471 531 2532 consilio
547 2470 750 2529 Themistocli
766 2469 858 2547 quam
873 2480 966 2529 armis
981 2472 1074 2530 Grae·

178 2577 253 2635 ciac.

139 2679 162 2738 5
222 2681 284 2737 Hic
301 2688 358 2737 etsi
371 2678 449 2736 male
465 2695 528 2736 rem
543 2685 690 2754 gesserat,
703 2685 805 2734 tamen
821 2658 924 2734 ta'ntss
939 2674 1075 2735 habebat

179 2781 324 2857 reliquiss
336 2781 492 2857 copiarum
506 2790 541 2838 ut
551 2780 644 2838 etiam
656 2789 721 2838 tum
733 2778 771 2837 iis
782 2778 955 2854 opprimere
969 2788 1079 2856 posset

179 2886 294 2945 hostes,
326 2888 441 2944 Iterum
456 2884 495 2942 ab
512 2883 621 2943 eodem
636 2883 733 2960 gradu
748 2883 896 2958 depulsus
912 2891 968 2942 est.
994 2885 1074 2941 Nam
1095 2905 1125 2956 25

222 3071 238 3118 4
249 3057 426 3121 discederent,
439 3057 543 3104 obfrent.
553 3085 587 3093 —
596 3055 612 3104 6
622 3055 724 3120 siebat,
737 3053 840 3104 dicebat.
850 3067 908 3118 —9
921 3057 1010 3120 nocti'i,
1024 3071 1076 3103 noc·

180 3147 260 3188 turno
274 3148 463 3202 tempore—12
480 3138 680 3203 discessissent,
697 3139 861 3201 figorem
878 3137 1074 3203 longinquiore,

180 3225 298 3287 longiore.
308 3252 341 3260 -
354 3238 383 3283 14
403 3223 601 3286 aggrederetur,
620 3225 740 3283 impetum
755 3222 855 3285 faceret
872 3223 908 3269 in.
918 3250 952 3258 —
963 3235 990 3282 17
1010 3222 1074 3284 doli,

173 3308 291 3370 fraudis.
301 3335 333 3343 —
345 3320 375 3367 24
387 3305 546 3370 opprimere,
559 3307 695 3353 devincere.
746 3355 747 3362 ,
