<?xml version="1.0" encoding="UTF-8"?>
<!DOCTYPE html PUBLIC "-//W3C//DTD XHTML 1.0 Transitional//EN"
    "http://www.w3.org/TR/xhtml1/DTD/xhtml1-transitional.dtd">
<html xmlns="http://www.w3.org/1999/xhtml" xml:lang="en" lang="en">
 <head>
  <title>
</title>
<meta http-equiv="Content-Type" content="text/html;charset=utf-8" />
  <meta name='ocr-system' content='tesseract 3.04.00' />
  <meta name='ocr-capabilities' content='ocr_page ocr_carea ocr_par ocr_line ocrx_word'/>
</head>
<body>
  <div class='ocr_page' id='page_1' title='image "./selectedlivesfr00nepogoog_0051.png"; bbox 0 0 2434 3720; ppageno 0'>
   <div class='ocr_carea' id='block_1_1' title="bbox 203 219 811 290">
    <p class='ocr_par' dir='ltr' id='par_1_1' title="bbox 203 219 811 290">
     <span class='ocr_line' id='line_1_1' title="bbox 203 219 811 290; baseline 0.003 -19"><span class='ocrx_word' id='word_1_1' title='bbox 203 219 237 272; x_wconf 85' lang='lat'>24</span> <span class='ocrx_word' id='word_1_2' title='bbox 496 223 717 290; x_wconf 68' lang='lat' dir='ltr'>Pausanias</span> <span class='ocrx_word' id='word_1_3' title='bbox 753 237 776 286; x_wconf 80' lang='lat'>4,</span> <span class='ocrx_word' id='word_1_4' title='bbox 791 235 811 290; x_wconf 75' lang='grc' dir='ltr'>ς.</span> 
     </span>
    </p>
   </div>
   <div class='ocr_carea' id='block_1_2' title="bbox 166 389 1151 2941">
    <p class='ocr_par' dir='ltr' id='par_1_2' title="bbox 170 389 1151 1188">
     <span class='ocr_line' id='line_1_2' title="bbox 204 389 1102 468; baseline 0.008 -21"><span class='ocrx_word' id='word_1_5' title='bbox 204 389 278 448; x_wconf 90' lang='lat' dir='ltr'>lium</span> <span class='ocrx_word' id='word_1_6' title='bbox 308 391 483 468; x_wconf 71' lang='lat' dir='ltr'>confugisse</span> <span class='ocrx_word' id='word_1_7' title='bbox 513 391 544 448; x_wconf 96' lang='lat' dir='ltr'>in</span> <span class='ocrx_word' id='word_1_8' title='bbox 579 401 672 464; x_wconf 82' lang='lat' dir='ltr'>oram,</span> <span class='ocrx_word' id='word_1_9' title='bbox 703 393 899 468; x_wconf 82' lang='lat' dir='ltr'>perturbotus</span> <span class='ocrx_word' id='word_1_10' title='bbox 935 392 1020 452; x_wconf 82' lang='lat' dir='ltr'>vonit</span> <span class='ocrx_word' id='word_1_11' title='bbox 1056 397 1102 454; x_wconf 90' lang='lat' dir='ltr'>eo.</span> 
     </span>
     <span class='ocr_line' id='line_1_3' title="bbox 205 493 1102 570; baseline 0.003 -19"><span class='ocrx_word' id='word_1_12' title='bbox 205 493 305 568; x_wconf 88' lang='lat' dir='ltr'><strong>Quem</strong></span> <span class='ocrx_word' id='word_1_13' title='bbox 322 512 391 552; x_wconf 90' lang='lat' dir='ltr'>cum</span> <span class='ocrx_word' id='word_1_14' title='bbox 407 493 576 570; x_wconf 90' lang='lat' dir='ltr'>supplicem</span> <span class='ocrx_word' id='word_1_15' title='bbox 599 495 649 552; x_wconf 93' lang='lat' dir='ltr'>dei</span> <span class='ocrx_word' id='word_1_16' title='bbox 664 495 781 553; x_wconf 83' lang='lat' dir='ltr'>videret</span> <span class='ocrx_word' id='word_1_17' title='bbox 803 495 834 553; x_wconf 94' lang='lat' dir='ltr'>in</span> <span class='ocrx_word' id='word_1_18' title='bbox 856 504 909 554; x_wconf 75' lang='lat' dir='ltr'>oro</span> <span class='ocrx_word' id='word_1_19' title='bbox 932 497 1102 569; x_wconf 87' lang='lat' dir='ltr'>sedentem,</span> 
     </span>
     <span class='ocr_line' id='line_1_4' title="bbox 205 596 1104 674; baseline 0.004 -21"><span class='ocrx_word' id='word_1_20' title='bbox 205 596 325 672; x_wconf 90' lang='lat' dir='ltr'>quaerit</span> <span class='ocrx_word' id='word_1_21' title='bbox 345 615 456 654; x_wconf 91' lang='lat' dir='ltr'>causae</span> <span class='ocrx_word' id='word_1_22' title='bbox 470 596 545 672; x_wconf 90' lang='lat' dir='ltr'>quid</span> <span class='ocrx_word' id='word_1_23' title='bbox 561 597 600 656; x_wconf 93' lang='lat' dir='ltr'>sit</span> <span class='ocrx_word' id='word_1_24' title='bbox 615 606 677 655; x_wconf 87' lang='lat' dir='ltr'>tam</span> <span class='ocrx_word' id='word_1_25' title='bbox 693 607 845 674; x_wconf 83' lang='lat' dir='ltr'>repentini</span> <span class='ocrx_word' id='word_1_26' title='bbox 860 598 979 658; x_wconf 89' lang='lat' dir='ltr'>consili.</span> <span class='ocrx_word' id='word_1_27' title='bbox 1019 600 1104 658; x_wconf 84' lang='lat' dir='ltr'>Huic</span> 
     </span>
     <span class='ocr_line' id='line_1_5' title="bbox 170 698 1103 777; baseline 0.01 -25"><span class='ocrx_word' id='word_1_28' title='bbox 170 698 264 770; x_wconf 89' lang='lat' dir='ltr'>6ille,</span> <span class='ocrx_word' id='word_1_29' title='bbox 296 699 370 775; x_wconf 93' lang='lat' dir='ltr'>quid</span> <span class='ocrx_word' id='word_1_30' title='bbox 400 718 437 758; x_wconf 87' lang='lat' dir='ltr'>ex</span> <span class='ocrx_word' id='word_1_31' title='bbox 466 699 574 758; x_wconf 89' lang='lat' dir='ltr'>litteris</span> <span class='ocrx_word' id='word_1_32' title='bbox 605 700 815 776; x_wconf 88' lang='lat' dir='ltr'>comperisset,</span> <span class='ocrx_word' id='word_1_33' title='bbox 846 703 953 777; x_wconf 91' lang='lat' dir='ltr'>aperit.</span> <span class='ocrx_word' id='word_1_34' title='bbox 1004 703 1103 761; x_wconf 90' lang='lat' dir='ltr'>Modo</span> 
     </span>
     <span class='ocr_line' id='line_1_6' title="bbox 204 801 1151 880; baseline 0.004 -21"><span class='ocrx_word' id='word_1_35' title='bbox 204 801 301 878; x_wconf 88' lang='lat' dir='ltr'>magis</span> <span class='ocrx_word' id='word_1_36' title='bbox 319 801 488 861; x_wconf 78' lang='lat' dir='ltr'>Pausanios</span> <span class='ocrx_word' id='word_1_37' title='bbox 504 802 700 878; x_wconf 76' lang='lat' dir='ltr'>perturbotus</span> <span class='ocrx_word' id='word_1_38' title='bbox 717 811 804 862; x_wconf 76' lang='lat' dir='ltr'>orore</span> <span class='ocrx_word' id='word_1_39' title='bbox 823 804 925 880; x_wconf 92' lang='lat' dir='ltr'>coepit</span> <span class='ocrx_word' id='word_1_40' title='bbox 948 812 987 863; x_wconf 82' lang='lat' dir='ltr'>no</span> <span class='ocrx_word' id='word_1_41' title='bbox 1010 812 1103 863; x_wconf 81' lang='lat' dir='ltr'>onon·</span> <span class='ocrx_word' id='word_1_42' title='bbox 1138 817 1151 870; x_wconf 84' lang='lat'>5</span> 
     </span>
     <span class='ocr_line' id='line_1_7' title="bbox 204 904 1102 982; baseline 0.004 -20"><span class='ocrx_word' id='word_1_43' title='bbox 204 904 295 963; x_wconf 76' lang='lat' dir='ltr'>tiaret</span> <span class='ocrx_word' id='word_1_44' title='bbox 321 924 378 963; x_wconf 91' lang='lat' dir='ltr'>nec</span> <span class='ocrx_word' id='word_1_45' title='bbox 408 912 441 963; x_wconf 82' lang='lat' dir='ltr'>so</span> <span class='ocrx_word' id='word_1_46' title='bbox 471 905 612 963; x_wconf 90' lang='lat' dir='ltr'>meritum</span> <span class='ocrx_word' id='word_1_47' title='bbox 642 906 680 964; x_wconf 81' lang='lat' dir='ltr'>do</span> <span class='ocrx_word' id='word_1_48' title='bbox 710 905 763 965; x_wconf 93' lang='lat' dir='ltr'>illo</span> <span class='ocrx_word' id='word_1_49' title='bbox 792 906 906 982; x_wconf 82' lang='lat' dir='ltr'>optimo</span> <span class='ocrx_word' id='word_1_50' title='bbox 936 907 1102 982; x_wconf 90' lang='lat' dir='ltr'>proderet:</span> 
     </span>
     <span class='ocr_line' id='line_1_8' title="bbox 205 1007 1104 1086; baseline 0.007 -22"><span class='ocrx_word' id='word_1_51' title='bbox 205 1008 287 1083; x_wconf 92' lang='lat' dir='ltr'>quod</span> <span class='ocrx_word' id='word_1_52' title='bbox 303 1017 329 1065; x_wconf 93' lang='lat' dir='ltr'>si</span> <span class='ocrx_word' id='word_1_53' title='bbox 344 1027 410 1066; x_wconf 91' lang='lat' dir='ltr'>eam</span> <span class='ocrx_word' id='word_1_54' title='bbox 426 1007 547 1066; x_wconf 89' lang='lat' dir='ltr'>veniam</span> <span class='ocrx_word' id='word_1_55' title='bbox 564 1007 623 1066; x_wconf 90' lang='lat' dir='ltr'>sibi</span> <span class='ocrx_word' id='word_1_56' title='bbox 638 1008 777 1068; x_wconf 87' lang='lat' dir='ltr'>dedisset</span> <span class='ocrx_word' id='word_1_57' title='bbox 791 1018 946 1085; x_wconf 90' lang='lat' dir='ltr'>tantisque</span> <span class='ocrx_word' id='word_1_58' title='bbox 968 1010 1104 1086; x_wconf 78' lang='lat' dir='ltr'>implico·</span> 
     </span>
     <span class='ocr_line' id='line_1_9' title="bbox 203 1110 1101 1188; baseline 0.004 -20"><span class='ocrx_word' id='word_1_59' title='bbox 203 1119 268 1168; x_wconf 92' lang='lat' dir='ltr'>tum</span> <span class='ocrx_word' id='word_1_60' title='bbox 284 1112 375 1170; x_wconf 77' lang='lat' dir='ltr'>rebus</span> <span class='ocrx_word' id='word_1_61' title='bbox 394 1110 595 1183; x_wconf 65' lang='lat' dir='ltr'>sublevasset,</span> <span class='ocrx_word' id='word_1_62' title='bbox 612 1119 725 1188; x_wconf 77' lang='lat' dir='ltr'>magno</span> <span class='ocrx_word' id='word_1_63' title='bbox 748 1121 777 1170; x_wconf 91' lang='lat' dir='ltr'>ei</span> <span class='ocrx_word' id='word_1_64' title='bbox 798 1112 934 1188; x_wconf 91' lang='lat' dir='ltr'>praemio</span> <span class='ocrx_word' id='word_1_65' title='bbox 956 1113 1101 1172; x_wconf 80' lang='lat' dir='ltr'>futorum.</span> 
     </span>
    </p>

    <p class='ocr_par' dir='ltr' id='par_1_3' title="bbox 166 1210 1150 1805">
     <span class='ocr_line' id='line_1_10' title="bbox 166 1210 1103 1290; baseline 0.005 -20"><span class='ocrx_word' id='word_1_66' title='bbox 166 1210 189 1270; x_wconf 89' lang='lat'>5</span> <span class='ocrx_word' id='word_1_67' title='bbox 249 1215 309 1272; x_wconf 90' lang='lat' dir='ltr'>His</span> <span class='ocrx_word' id='word_1_68' title='bbox 324 1214 416 1272; x_wconf 77' lang='lat' dir='ltr'>rebus</span> <span class='ocrx_word' id='word_1_69' title='bbox 432 1213 539 1290; x_wconf 91' lang='lat' dir='ltr'>ephori</span> <span class='ocrx_word' id='word_1_70' title='bbox 557 1213 689 1290; x_wconf 90' lang='lat' dir='ltr'>cognitis</span> <span class='ocrx_word' id='word_1_71' title='bbox 705 1214 801 1273; x_wconf 89' lang='lat' dir='ltr'>satius</span> <span class='ocrx_word' id='word_1_72' title='bbox 816 1224 964 1290; x_wconf 81' lang='lat' dir='ltr'>putarunt</span> <span class='ocrx_word' id='word_1_73' title='bbox 979 1215 1010 1272; x_wconf 94' lang='lat' dir='ltr'>in</span> <span class='ocrx_word' id='word_1_74' title='bbox 1026 1217 1103 1275; x_wconf 93' lang='lat' dir='ltr'>urbe</span> 
     </span>
     <span class='ocr_line' id='line_1_11' title="bbox 203 1317 1150 1394; baseline 0.001 -21"><span class='ocrx_word' id='word_1_75' title='bbox 203 1335 273 1374; x_wconf 92' lang='lat' dir='ltr'>eum</span> <span class='ocrx_word' id='word_1_76' title='bbox 303 1317 532 1393; x_wconf 86' lang='lat' dir='ltr'>comprehendi.</span> <span class='ocrx_word' id='word_1_77' title='bbox 577 1318 648 1390; x_wconf 89' lang='lat' dir='ltr'>Quo</span> <span class='ocrx_word' id='word_1_78' title='bbox 678 1335 747 1375; x_wconf 91' lang='lat' dir='ltr'>cum</span> <span class='ocrx_word' id='word_1_79' title='bbox 776 1328 882 1376; x_wconf 89' lang='lat' dir='ltr'>essent</span> <span class='ocrx_word' id='word_1_80' title='bbox 910 1318 1042 1394; x_wconf 85' lang='lat' dir='ltr'>profecti</span> <span class='ocrx_word' id='word_1_81' title='bbox 1070 1329 1104 1378; x_wconf 90' lang='lat' dir='ltr'>et</span> <span class='ocrx_word' id='word_1_82' title='bbox 1125 1341 1150 1376; x_wconf 76' lang='grc' dir='ltr'>ιο</span> 
     </span>
     <span class='ocr_line' id='line_1_12' title="bbox 204 1419 1105 1497; baseline 0.003 -20"><span class='ocrx_word' id='word_1_83' title='bbox 204 1419 375 1478; x_wconf 76' lang='lat' dir='ltr'>Pausanias</span> <span class='ocrx_word' id='word_1_84' title='bbox 397 1420 521 1496; x_wconf 80' lang='lat' dir='ltr'>placoto</span> <span class='ocrx_word' id='word_1_85' title='bbox 537 1419 663 1497; x_wconf 88' lang='lat' dir='ltr'>Argilio,</span> <span class='ocrx_word' id='word_1_86' title='bbox 680 1429 713 1479; x_wconf 89' lang='lat' dir='ltr'>ut</span> <span class='ocrx_word' id='word_1_87' title='bbox 735 1421 873 1497; x_wconf 81' lang='lat' dir='ltr'>putabat,</span> <span class='ocrx_word' id='word_1_88' title='bbox 896 1422 1105 1481; x_wconf 90' lang='lat' dir='ltr'>Lacedaemo-</span> 
     </span>
     <span class='ocr_line' id='line_1_13' title="bbox 203 1521 1103 1595; baseline 0.002 -14"><span class='ocrx_word' id='word_1_89' title='bbox 203 1542 274 1581; x_wconf 90' lang='lat' dir='ltr'>nem</span> <span class='ocrx_word' id='word_1_90' title='bbox 289 1530 500 1594; x_wconf 75' lang='lat' dir='ltr'>reverteretur,</span> <span class='ocrx_word' id='word_1_91' title='bbox 516 1521 547 1579; x_wconf 91' lang='lat' dir='ltr'>in</span> <span class='ocrx_word' id='word_1_92' title='bbox 564 1521 681 1595; x_wconf 91' lang='lat' dir='ltr'>itinere,</span> <span class='ocrx_word' id='word_1_93' title='bbox 698 1542 767 1581; x_wconf 94' lang='lat' dir='ltr'>cum</span> <span class='ocrx_word' id='word_1_94' title='bbox 783 1523 889 1581; x_wconf 90' lang='lat' dir='ltr'>iamin</span> <span class='ocrx_word' id='word_1_95' title='bbox 906 1531 944 1583; x_wconf 92' lang='lat' dir='ltr'>eo</span> <span class='ocrx_word' id='word_1_96' title='bbox 965 1534 1048 1583; x_wconf 91' lang='lat' dir='ltr'>esset</span> <span class='ocrx_word' id='word_1_97' title='bbox 1067 1535 1103 1584; x_wconf 91' lang='lat' dir='ltr'>ut</span> 
     </span>
     <span class='ocr_line' id='line_1_14' title="bbox 204 1625 1102 1704; baseline 0.001 -20"><span class='ocrx_word' id='word_1_98' title='bbox 204 1626 523 1702; x_wconf 77' lang='lat' dir='ltr'>comprehenderetur,</span> <span class='ocrx_word' id='word_1_99' title='bbox 547 1644 584 1683; x_wconf 86' lang='lat' dir='ltr'>ex</span> <span class='ocrx_word' id='word_1_100' title='bbox 608 1625 693 1684; x_wconf 82' lang='lat' dir='ltr'>vulto</span> <span class='ocrx_word' id='word_1_101' title='bbox 720 1625 879 1685; x_wconf 83' lang='lat' dir='ltr'>coiusdam</span> <span class='ocrx_word' id='word_1_102' title='bbox 905 1628 1021 1704; x_wconf 90' lang='lat' dir='ltr'>ephori,</span> <span class='ocrx_word' id='word_1_103' title='bbox 1048 1637 1102 1703; x_wconf 90' lang='lat' dir='ltr'>qui</span> 
     </span>
     <span class='ocr_line' id='line_1_15' title="bbox 203 1727 1099 1805; baseline 0.002 -17"><span class='ocrx_word' id='word_1_104' title='bbox 203 1748 273 1788; x_wconf 91' lang='lat' dir='ltr'>eum</span> <span class='ocrx_word' id='word_1_105' title='bbox 289 1730 449 1788; x_wconf 78' lang='lat' dir='ltr'>admoneri</span> <span class='ocrx_word' id='word_1_106' title='bbox 464 1727 617 1805; x_wconf 80' lang='lat' dir='ltr'>cupiebat,</span> <span class='ocrx_word' id='word_1_107' title='bbox 635 1728 763 1787; x_wconf 76' lang='lat' dir='ltr'>insidios</span> <span class='ocrx_word' id='word_1_108' title='bbox 780 1728 839 1788; x_wconf 93' lang='lat' dir='ltr'>sibi</span> <span class='ocrx_word' id='word_1_109' title='bbox 855 1731 919 1787; x_wconf 87' lang='lat' dir='ltr'>fieri</span> <span class='ocrx_word' id='word_1_110' title='bbox 940 1730 1099 1790; x_wconf 81' lang='lat' dir='ltr'>intellexit.</span> 
     </span>
    </p>

    <p class='ocr_par' dir='ltr' id='par_1_4' title="bbox 169 1831 1147 2218">
     <span class='ocr_line' id='line_1_16' title="bbox 169 1831 1147 1909; baseline 0.004 -21"><span class='ocrx_word' id='word_1_111' title='bbox 169 1836 314 1909; x_wconf 82' lang='lat' dir='ltr'>2Itaque</span> <span class='ocrx_word' id='word_1_112' title='bbox 330 1841 437 1909; x_wconf 88' lang='lat' dir='ltr'>paucis</span> <span class='ocrx_word' id='word_1_113' title='bbox 461 1841 533 1890; x_wconf 92' lang='lat' dir='ltr'>ante</span> <span class='ocrx_word' id='word_1_114' title='bbox 556 1831 704 1908; x_wconf 89' lang='lat' dir='ltr'>gradibus</span> <span class='ocrx_word' id='word_1_115' title='bbox 720 1849 812 1908; x_wconf 92' lang='lat' dir='ltr'>quam</span> <span class='ocrx_word' id='word_1_116' title='bbox 832 1841 884 1908; x_wconf 93' lang='lat' dir='ltr'>qui</span> <span class='ocrx_word' id='word_1_117' title='bbox 905 1851 974 1890; x_wconf 94' lang='lat' dir='ltr'>eum</span> <span class='ocrx_word' id='word_1_118' title='bbox 995 1841 1102 1909; x_wconf 83' lang='lat' dir='ltr'>sequo-</span> <span class='ocrx_word' id='word_1_119' title='bbox 1122 1857 1147 1908; x_wconf 83' lang='lat'>15</span> 
     </span>
     <span class='ocr_line' id='line_1_17' title="bbox 203 1934 1101 2011; baseline 0.001 -17"><span class='ocrx_word' id='word_1_120' title='bbox 203 1938 323 2008; x_wconf 88' lang='lat' dir='ltr'>bantur,</span> <span class='ocrx_word' id='word_1_121' title='bbox 341 1936 372 1993; x_wconf 95' lang='lat' dir='ltr'>in</span> <span class='ocrx_word' id='word_1_122' title='bbox 395 1936 504 1994; x_wconf 89' lang='lat' dir='ltr'>aedem</span> <span class='ocrx_word' id='word_1_123' title='bbox 520 1934 689 2006; x_wconf 91' lang='lat' dir='ltr'>Minervae,</span> <span class='ocrx_word' id='word_1_124' title='bbox 707 1953 785 2011; x_wconf 92' lang='lat' dir='ltr'>quae</span> <span class='ocrx_word' id='word_1_125' title='bbox 802 1935 998 1994; x_wconf 85' lang='lat' dir='ltr'>Chalcioicos</span> <span class='ocrx_word' id='word_1_126' title='bbox 1013 1945 1101 1995; x_wconf 77' lang='lat' dir='ltr'>voco-</span> 
     </span>
     <span class='ocr_line' id='line_1_18' title="bbox 203 2037 1101 2117; baseline -0.002 -19"><span class='ocrx_word' id='word_1_127' title='bbox 203 2049 260 2111; x_wconf 89' lang='lat' dir='ltr'>tur,</span> <span class='ocrx_word' id='word_1_128' title='bbox 280 2038 426 2116; x_wconf 84' lang='lat' dir='ltr'>contogit.</span> <span class='ocrx_word' id='word_1_129' title='bbox 473 2037 558 2096; x_wconf 89' lang='lat' dir='ltr'>Hinc</span> <span class='ocrx_word' id='word_1_130' title='bbox 577 2045 616 2097; x_wconf 79' lang='lat' dir='ltr'>no</span> <span class='ocrx_word' id='word_1_131' title='bbox 633 2046 713 2095; x_wconf 89' lang='lat' dir='ltr'>exire</span> <span class='ocrx_word' id='word_1_132' title='bbox 734 2047 848 2114; x_wconf 87' lang='lat' dir='ltr'>posset,</span> <span class='ocrx_word' id='word_1_133' title='bbox 867 2038 970 2100; x_wconf 89' lang='lat' dir='ltr'>statim</span> <span class='ocrx_word' id='word_1_134' title='bbox 994 2040 1101 2117; x_wconf 91' lang='lat' dir='ltr'>ephori</span> 
     </span>
     <span class='ocr_line' id='line_1_19' title="bbox 203 2140 1103 2218; baseline -0.001 -17"><span class='ocrx_word' id='word_1_135' title='bbox 203 2143 308 2201; x_wconf 81' lang='lat' dir='ltr'>valvas</span> <span class='ocrx_word' id='word_1_136' title='bbox 343 2142 408 2200; x_wconf 83' lang='lat' dir='ltr'>oius</span> <span class='ocrx_word' id='word_1_137' title='bbox 441 2140 529 2200; x_wconf 90' lang='lat' dir='ltr'>aedis</span> <span class='ocrx_word' id='word_1_138' title='bbox 562 2141 780 2199; x_wconf 79' lang='lat' dir='ltr'>obstrrixorunt</span> <span class='ocrx_word' id='word_1_139' title='bbox 816 2148 993 2218; x_wconf 80' lang='lat' dir='ltr'>tectumque</span> <span class='ocrx_word' id='word_1_140' title='bbox 1030 2151 1103 2200; x_wconf 94' lang='lat' dir='ltr'>sunt</span> 
     </span>
    </p>

    <p class='ocr_par' dir='ltr' id='par_1_5' title="bbox 169 2243 1149 2632">
     <span class='ocr_line' id='line_1_20' title="bbox 169 2243 1102 2321; baseline 0.001 -20"><span class='ocrx_word' id='word_1_141' title='bbox 169 2246 350 2317; x_wconf 79' lang='lat' dir='ltr'>3domoliti,</span> <span class='ocrx_word' id='word_1_142' title='bbox 375 2252 436 2321; x_wconf 92' lang='lat' dir='ltr'>quo</span> <span class='ocrx_word' id='word_1_143' title='bbox 458 2243 589 2303; x_wconf 90' lang='lat' dir='ltr'>celerius</span> <span class='ocrx_word' id='word_1_144' title='bbox 612 2243 670 2302; x_wconf 92' lang='lat' dir='ltr'>sub</span> <span class='ocrx_word' id='word_1_145' title='bbox 693 2243 765 2302; x_wconf 94' lang='lat' dir='ltr'>divo</span> <span class='ocrx_word' id='word_1_146' title='bbox 790 2243 935 2303; x_wconf 91' lang='lat' dir='ltr'>interiret.</span> <span class='ocrx_word' id='word_1_147' title='bbox 982 2247 1102 2304; x_wconf 92' lang='lat' dir='ltr'>Dicitur</span> 
     </span>
     <span class='ocr_line' id='line_1_21' title="bbox 204 2346 1149 2425; baseline -0.002 -17"><span class='ocrx_word' id='word_1_148' title='bbox 204 2357 241 2409; x_wconf 93' lang='lat' dir='ltr'>eo</span> <span class='ocrx_word' id='word_1_149' title='bbox 257 2358 394 2425; x_wconf 89' lang='lat' dir='ltr'>ternpore</span> <span class='ocrx_word' id='word_1_150' title='bbox 414 2357 541 2406; x_wconf 82' lang='lat' dir='ltr'>matrem</span> <span class='ocrx_word' id='word_1_151' title='bbox 565 2346 736 2405; x_wconf 86' lang='lat' dir='ltr'>Pausaniae</span> <span class='ocrx_word' id='word_1_152' title='bbox 752 2346 865 2405; x_wconf 89' lang='lat' dir='ltr'>vixisse</span> <span class='ocrx_word' id='word_1_153' title='bbox 888 2366 1018 2424; x_wconf 89' lang='lat' dir='ltr'>eamque</span> <span class='ocrx_word' id='word_1_154' title='bbox 1041 2349 1099 2406; x_wconf 89' lang='lat' dir='ltr'>iam</span> <span class='ocrx_word' id='word_1_155' title='bbox 1117 2361 1149 2396; x_wconf 83' lang='lat'>²0</span> 
     </span>
     <span class='ocr_line' id='line_1_22' title="bbox 204 2449 1099 2529; baseline -0.004 -18"><span class='ocrx_word' id='word_1_156' title='bbox 204 2460 317 2529; x_wconf 79' lang='lat' dir='ltr'>magno</span> <span class='ocrx_word' id='word_1_157' title='bbox 339 2460 422 2523; x_wconf 82' lang='lat' dir='ltr'>nato,</span> <span class='ocrx_word' id='word_1_158' title='bbox 439 2459 604 2528; x_wconf 90' lang='lat' dir='ltr'>postquam</span> <span class='ocrx_word' id='word_1_159' title='bbox 628 2450 666 2508; x_wconf 83' lang='lat' dir='ltr'>do</span> <span class='ocrx_word' id='word_1_160' title='bbox 690 2449 806 2508; x_wconf 89' lang='lat' dir='ltr'>scelere</span> <span class='ocrx_word' id='word_1_161' title='bbox 828 2449 874 2507; x_wconf 85' lang='lat' dir='ltr'>iili</span> <span class='ocrx_word' id='word_1_162' title='bbox 897 2451 1053 2529; x_wconf 87' lang='lat' dir='ltr'>comperit,</span> <span class='ocrx_word' id='word_1_163' title='bbox 1070 2451 1099 2508; x_wconf 94' lang='lat' dir='ltr'>in</span> 
     </span>
     <span class='ocr_line' id='line_1_23' title="bbox 204 2552 1100 2632; baseline -0.001 -20"><span class='ocrx_word' id='word_1_164' title='bbox 204 2565 309 2632; x_wconf 90' lang='lat' dir='ltr'>primis</span> <span class='ocrx_word' id='word_1_165' title='bbox 325 2555 364 2612; x_wconf 93' lang='lat' dir='ltr'>ad</span> <span class='ocrx_word' id='word_1_166' title='bbox 379 2553 477 2611; x_wconf 84' lang='lat' dir='ltr'>filium</span> <span class='ocrx_word' id='word_1_167' title='bbox 498 2553 705 2611; x_wconf 92' lang='lat' dir='ltr'>claudendum</span> <span class='ocrx_word' id='word_1_168' title='bbox 724 2552 859 2630; x_wconf 91' lang='lat' dir='ltr'>lapidem</span> <span class='ocrx_word' id='word_1_169' title='bbox 881 2553 921 2611; x_wconf 95' lang='lat' dir='ltr'>ad</span> <span class='ocrx_word' id='word_1_170' title='bbox 944 2553 1100 2613; x_wconf 91' lang='lat' dir='ltr'>introitum</span> 
     </span>
    </p>

    <p class='ocr_par' dir='ltr' id='par_1_6' title="bbox 170 2655 1145 2941">
     <span class='ocr_line' id='line_1_24' title="bbox 170 2655 1102 2734; baseline 0 -19"><span class='ocrx_word' id='word_1_171' title='bbox 170 2659 290 2717; x_wconf 74' lang='lat' dir='ltr'>laedis</span> <span class='ocrx_word' id='word_1_172' title='bbox 316 2657 466 2716; x_wconf 91' lang='lat' dir='ltr'>attulisse.</span> <span class='ocrx_word' id='word_1_173' title='bbox 512 2658 575 2715; x_wconf 91' lang='lat' dir='ltr'>Hic</span> <span class='ocrx_word' id='word_1_174' title='bbox 604 2675 673 2714; x_wconf 93' lang='lat' dir='ltr'>cum</span> <span class='ocrx_word' id='word_1_175' title='bbox 703 2655 891 2715; x_wconf 77' lang='lat' dir='ltr'>semianimis</span> <span class='ocrx_word' id='word_1_176' title='bbox 919 2657 958 2714; x_wconf 80' lang='lat' dir='ltr'>do</span> <span class='ocrx_word' id='word_1_177' title='bbox 987 2658 1102 2734; x_wconf 93' lang='lat' dir='ltr'>templo</span> 
     </span>
     <span class='ocr_line' id='line_1_25' title="bbox 204 2759 1101 2833; baseline -0.004 -12"><span class='ocrx_word' id='word_1_178' title='bbox 204 2762 303 2821; x_wconf 81' lang='lat' dir='ltr'>olatus</span> <span class='ocrx_word' id='word_1_179' title='bbox 319 2769 410 2833; x_wconf 90' lang='lat' dir='ltr'>esset,</span> <span class='ocrx_word' id='word_1_180' title='bbox 428 2759 591 2819; x_wconf 76' lang='lat' dir='ltr'>confestim</span> <span class='ocrx_word' id='word_1_181' title='bbox 607 2759 741 2817; x_wconf 92' lang='lat' dir='ltr'>animam</span> <span class='ocrx_word' id='word_1_182' title='bbox 757 2759 878 2817; x_wconf 80' lang='lat' dir='ltr'>efflavit.</span> <span class='ocrx_word' id='word_1_183' title='bbox 925 2760 975 2817; x_wconf 91' lang='lat' dir='ltr'>Sic</span> <span class='ocrx_word' id='word_1_184' title='bbox 991 2761 1101 2818; x_wconf 90' lang='lat' dir='ltr'>Pausa·</span> 
     </span>
     <span class='ocr_line' id='line_1_26' title="bbox 205 2861 1145 2941; baseline -0.003 -19"><span class='ocrx_word' id='word_1_185' title='bbox 205 2865 273 2924; x_wconf 80' lang='lat' dir='ltr'>nias</span> <span class='ocrx_word' id='word_1_186' title='bbox 291 2873 434 2941; x_wconf 77' lang='lat' dir='ltr'>magnam</span> <span class='ocrx_word' id='word_1_187' title='bbox 456 2862 530 2921; x_wconf 88' lang='lat' dir='ltr'>belli</span> <span class='ocrx_word' id='word_1_188' title='bbox 550 2861 679 2939; x_wconf 79' lang='lat' dir='ltr'>gloriam</span> <span class='ocrx_word' id='word_1_189' title='bbox 704 2870 786 2939; x_wconf 91' lang='lat' dir='ltr'>turpi</span> <span class='ocrx_word' id='word_1_190' title='bbox 806 2871 902 2920; x_wconf 89' lang='lat' dir='ltr'>morte</span> <span class='ocrx_word' id='word_1_191' title='bbox 927 2863 1099 2922; x_wconf 80' lang='lat' dir='ltr'>maculovit.</span> <span class='ocrx_word' id='word_1_192' title='bbox 1119 2874 1145 2926; x_wconf 81' lang='lat'>25</span> 
     </span>
    </p>
   </div>
   <div class='ocr_carea' id='block_1_3' title="bbox 204 3035 1103 3348">
    <p class='ocr_par' dir='ltr' id='par_1_7' title="bbox 204 3035 1103 3348">
     <span class='ocr_line' id='line_1_27' title="bbox 248 3035 1103 3103; baseline -0.018 -16"><span class='ocrx_word' id='word_1_193' title='bbox 248 3053 258 3087; x_wconf 92' lang='lat'>1</span> <span class='ocrx_word' id='word_1_194' title='bbox 279 3037 462 3103; x_wconf 65' lang='lat' dir='ltr'>perturbatus,</span> <span class='ocrx_word' id='word_1_195' title='bbox 477 3041 686 3098; x_wconf 71' lang='lat' dir='ltr'>permotus—3</span> <span class='ocrx_word' id='word_1_196' title='bbox 704 3035 848 3100; x_wconf 83' lang='lat' dir='ltr'>repentini,</span> <span class='ocrx_word' id='word_1_197' title='bbox 867 3035 1016 3095; x_wconf 66' lang='lat' dir='ltr'>subito—4</span> <span class='ocrx_word' id='word_1_198' title='bbox 1034 3047 1103 3086; x_wconf 69' lang='lat' dir='ltr'>com.</span> 
     </span>
     <span class='ocr_line' id='line_1_28' title="bbox 204 3117 1102 3187; baseline -0.009 -13"><span class='ocrx_word' id='word_1_199' title='bbox 204 3122 331 3187; x_wconf 78' lang='lat' dir='ltr'>perisset,</span> <span class='ocrx_word' id='word_1_200' title='bbox 344 3121 502 3182; x_wconf 70' lang='lat' dir='ltr'>cognovisset.</span> <span class='ocrx_word' id='word_1_201' title='bbox 511 3133 570 3180; x_wconf 88' lang='lat'>—9</span> <span class='ocrx_word' id='word_1_202' title='bbox 587 3117 686 3181; x_wconf 80' lang='lat' dir='ltr'>satius,</span> <span class='ocrx_word' id='word_1_203' title='bbox 699 3119 796 3164; x_wconf 84' lang='lat' dir='ltr'>melius.</span> <span class='ocrx_word' id='word_1_204' title='bbox 805 3146 838 3153; x_wconf 93' lang='lat'>—</span> <span class='ocrx_word' id='word_1_205' title='bbox 848 3131 877 3182; x_wconf 84' lang='lat'>15</span> <span class='ocrx_word' id='word_1_206' title='bbox 895 3117 1033 3183; x_wconf 68' lang='lat' dir='ltr'>gradibuS,</span> <span class='ocrx_word' id='word_1_207' title='bbox 1047 3127 1102 3181; x_wconf 82' lang='lat' dir='ltr'>pas·</span> 
     </span>
     <span class='ocr_line' id='line_1_29' title="bbox 205 3200 1102 3265; baseline -0.004 -13"><span class='ocrx_word' id='word_1_208' title='bbox 205 3203 364 3252; x_wconf 72' lang='lat' dir='ltr'>silua-16</span> <span class='ocrx_word' id='word_1_209' title='bbox 381 3203 485 3265; x_wconf 80' lang='lat' dir='ltr'>aedem,</span> <span class='ocrx_word' id='word_1_210' title='bbox 507 3202 722 3261; x_wconf 62' lang='lat' dir='ltr'>templum—19</span> <span class='ocrx_word' id='word_1_211' title='bbox 742 3200 792 3249; x_wconf 80' lang='lat' dir='ltr'>sub</span> <span class='ocrx_word' id='word_1_212' title='bbox 816 3200 888 3264; x_wconf 73' lang='lat' dir='ltr'>divo,</span> <span class='ocrx_word' id='word_1_213' title='bbox 912 3201 1035 3258; x_wconf 68' lang='lat' dir='ltr'>sublone,</span> <span class='ocrx_word' id='word_1_214' title='bbox 1059 3202 1102 3249; x_wconf 85' lang='lat' dir='ltr'>rub</span> 
     </span>
     <span class='ocr_line' id='line_1_30' title="bbox 205 3283 665 3348; baseline -0.02 -10"><span class='ocrx_word' id='word_1_215' title='bbox 205 3290 278 3338; x_wconf 80' lang='lat' dir='ltr'>caelo.</span> <span class='ocrx_word' id='word_1_216' title='bbox 288 3316 321 3323; x_wconf 93' lang='lat'>—</span> <span class='ocrx_word' id='word_1_217' title='bbox 332 3300 361 3334; x_wconf 80' lang='lat'>22</span> <span class='ocrx_word' id='word_1_218' title='bbox 382 3283 535 3348; x_wconf 82' lang='lat' dir='ltr'>introitum,</span> <span class='ocrx_word' id='word_1_219' title='bbox 549 3284 665 3330; x_wconf 80' lang='lat' dir='ltr'>icinuam.</span> 
     </span>
    </p>
   </div>
   <div class='ocr_carea' id='block_1_4' title="bbox 0 0 1229 3720">
    <p class='ocr_par' dir='ltr' id='par_1_8' title="bbox 0 0 1229 3720">
     <span class='ocr_line' id='line_1_31' title="bbox 0 0 1229 3720; baseline 0 0"><span class='ocrx_word' id='word_1_220' title='bbox 0 0 1229 3720; x_wconf 95' lang='lat' dir='ltr'> </span> 
     </span>
    </p>
   </div>
  </div>
 </body>
</html>
