2474 3718
204 264 235 318 76
486 265 692 314 HANNIBAL.
730 280 767 323 11,
784 280 820 314 12.

148 431 150 435 ’
203 433 351 505 νίἀὲῐεηῐ,
382 439 503 509 puppas
533 440 689 492 verterunt
720 440 815 509 seque
844 433 884 491 ad
915 452 972 490 sua
1002 444 1103 492 castra

169 535 327 600 7nautica
352 537 543 594 rettulerunt.
599 537 649 593 Sic
675 535 835 593 Hannibal
860 535 993 595 consilia
1020 556 1103 595 arma

204 641 461 715 Pergamenorum
491 638 655 713 superavit,
684 657 784 714 neque
814 647 879 697 tum
909 639 1019 711 solum,
1047 641 1102 698 sed

204 761 296 818 saepe
315 741 391 800 alias
409 740 606 817 pedestribus
628 740 725 816 capiis
742 751 808 816 pari
827 741 992 818 prudentia
1011 761 1104 819 pepu-

204 845 237 903 lit
253 843 454 903 adversarios
1140 864 1154 914 5

154 951 200 1010 12
245 949 334 1020 Quae
350 948 422 1006 dum
439 946 470 1003 in
482 946 558 1004 Asia
574 956 728 1021 geruntur,
743 945 857 1004 accidit
873 957 946 1005 casir
962 956 995 1006 ut
1012 948 1103 1023 legati

205 1051 330 1110 Prusiae
345 1053 463 1109 Ramae
480 1049 562 1126 apud
575 1051 610 1106 T.
630 1048 790 1122 Quintium
809 1049 1017 1108 Flamininum
1033 1058 1104 1108 can-

204 1155 337 1214 sularem
353 1162 508 1226 cenarem,
527 1163 618 1228 atque
635 1153 676 1210 ibi
694 1153 732 1211 de
751 1152 928 1211 Hannibale
945 1155 1104 1213 mentione

203 1257 287 1316 facta
303 1277 340 1316 ex
355 1257 393 1316 iis
409 1267 487 1315 unus
503 1257 619 1316 diceret
635 1275 704 1314 eum
720 1255 751 1315 in
769 1255 894 1315 Prusiae
909 1261 1006 1332 ragno
1024 1274 1102 1314 esse.

170 1371 187 1421 2
205 1361 242 1418 Id
262 1368 387 1437 postera
407 1359 458 1418 die
475 1359 665 1418 Flamininus
688 1367 810 1417 senatui
832 1358 950 1417 detulit.
996 1361 1104 1416 Patres
1126 1386 1156 1420 ιο

204 1473 380 1541 conscripti,
405 1474 458 1540 qui
484 1462 663 1522 Hannibale
688 1471 757 1522 viva
782 1482 950 1539 numquam
977 1470 1010 1522 se
1037 1462 1104 1521 sine

205 1569 325 1635 insidiis
347 1569 466 1628 futuras
489 1567 708 1639 existimarent,
734 1568 852 1644 legatos
875 1568 906 1625 in
929 1567 1103 1645 Bithyniam

204 1679 362 1743 miserunt,
380 1672 410 1728 in
431 1671 468 1729 iis
491 1671 705 1741 Flamininum,
724 1681 775 1745 qui
799 1671 839 1729 ab
864 1679 936 1748 rege
962 1680 1105 1748 peterent

205 1782 244 1833 na
264 1773 508 1833 inimicissimum
529 1793 618 1833 suum
640 1783 745 1834 secum
766 1776 894 1834 habaret
914 1774 1036 1852 sibique
1055 1776 1104 1833 da-

8 1639 47 1660 ..r

171 1878 300 1937 3deret.
354 1879 414 1936 His
445 1877 551 1936 Prasia
581 1887 693 1955 negare
721 1898 814 1937 ausus
841 1886 903 1938 nan
931 1888 997 1950 est;
1029 1878 1104 1936 illud
1126 1899 1155 1950 ¹5

205 1981 365 2053 recusavit,
383 1988 422 2039 ne
445 1981 476 2038 id
498 1990 517 2040 a
540 1988 572 2040 sa
595 1982 661 2040 fieri
683 1982 884 2058 postularent,
901 1982 985 2057 quod
1001 1981 1104 2039 adver-

205 2103 258 2141 sus
274 2083 320 2142 itis
336 2083 451 2159 hospiti
466 2093 567 2155 esset;
590 2083 657 2159 ipsi,
672 2094 698 2142 si
714 2094 851 2161 possent,
865 2084 1104 2160 comprehende-

205 2196 290 2244 rent:
311 2187 412 2245 locum
425 2186 477 2245 ubi
497 2195 589 2258 esset,
605 2186 696 2246 facile
712 2187 898 2246 inventuros.
944 2186 1104 2245 Hannibal

206 2289 288 2347 enim
304 2297 365 2348 una
381 2290 449 2348 loca
465 2297 498 2348 sa
514 2291 641 2348 tenebat
657 2289 688 2347 in
705 2290 842 2361 castella,
857 2291 940 2366 quod
955 2299 984 2348 ei
1000 2299 1018 2349 a
1034 2297 1104 2366 rage

207 2392 312 2450 datum
335 2402 400 2452 erat
421 2402 547 2463 muneri,
567 2393 660 2468 idque
681 2402 725 2451 sic
747 2393 924 2452 aedificarat
941 2402 974 2450 ut
995 2393 1025 2450 in
1044 2411 1103 2450 om·
1125 2415 1157 2448 :¹0

207 2495 297 2553 nibus
310 2495 449 2572 partibus
466 2496 587 2554 aedifici
605 2496 703 2555 exitas
716 2497 852 2567 habaret‚
867 2495 984 2554 scilicet
997 2503 1104 2554 verens

173 2611 190 2659 4
209 2606 247 2656 ne
266 2608 322 2657 ussi
341 2608 458 2656 veniret
483 2599 566 2675 quod
585 2599 706 2658 accidit.
754 2601 825 2657 Huc
844 2617 912 2657 cum
932 2599 1026 2675 legati
1047 2601 1106 2657 Ro

208 2709 367 2761 manarum
383 2701 541 2760 venissent
556 2711 592 2761 ac
610 2701 804 2761 multitudine
824 2702 949 2760 domum
968 2701 1034 2760 eius
1053 2700 1106 2759 cir-

208 2804 448 2876 cumdedissent,
465 2824 541 2881 puer
560 2805 598 2863 ab
615 2805 708 2864 ianua
724 2804 916 2881 praspicians
934 2803 1105 2863 Hannibali

208 2907 284 2966 dixit
295 2907 396 2983 pluras
406 2917 527 2981 praeter
538 2908 794 2966 cansuetridinem
805 2915 938 2966 armatas
950 2914 1104 2984 apparare.
1127 2928 1141 2960 2
1146 2927 1159 2978 5

210 3012 271 3084 Qui
287 3009 447 3084 imperavit
463 3019 491 3067 ei
507 3021 540 3069 ut
564 3019 672 3069 omnes
691 3012 773 3069 fores
792 3010 914 3069 aedifici
934 3010 1107 3068 circumiret

208 3122 244 3172 ac
259 3111 390 3190 propera
406 3111 464 3168 sibi
480 3113 636 3172 nuntiaret
646 3133 719 3171 num
736 3113 845 3172 eodem
862 3114 954 3172 moda
970 3112 1106 3189 undique

242 3244 257 3292 6
283 3245 357 3306 casii,
374 3243 515 3305 sarta-8
546 3247 682 3309 cenarem,
707 3248 962 3307 mammatae—10
990 3246 1106 3311 postero,

208 3331 323 3399 sequenti
327 3341 336 3380 ;
359 3326 452 3397 patras
465 3328 618 3398 canscripti,
632 3333 841 3392 renatam-14
859 3330 976 3401 daderet,
990 3329 1106 3380 traderet.
